Order ID,Customer ID,Customer DOB,Cookies Shipped,Revenue,Cost,Order Date,Ship Date,Order Status,Rating,Sale Location
413383,152689 - Chidi Martin,8/10/1992,936.00," $4,680.00 "," $2,152.80 ",12/31/2017,1/5/2018,Shipped,1,Markurdi
751142,985245 - Ebenezer Graham,2/3/2003,987.00," $4,935.00 "," $2,368.80 ",12/31/2017,1/4/2018,Shipped,1,Surulere
876056,985245 - Ebenezer Graham,2/3/2003,270.00," $1,350.00 ", $675.00 ,12/30/2017,1/3/2018,Shipped,4,Chibok
548247,985245 - Ebenezer Graham,2/3/2003,925.00," $4,625.00 "," $2,312.50 ",12/30/2017,1/3/2018,Shipped,3,Chibok
626350,152689 - Chidi Martin,8/10/1992,974.00," $4,870.00 "," $2,288.90 ",12/29/2017,1/3/2018,Shipped,1,Abuja
87782,87782 - Uduak Akpabot,12/20/1985,715.00," $3,575.00 "," $1,751.75 ",12/31/2017,1/2/2018,Shipped,5,Ekpoma
200181,325698 - Rusky Onu,4/21/1999,454.00," $2,270.00 ", $908.00 ,12/30/2017,1/2/2018,Shipped,1,Warri
711368,152689 - Chidi Martin,8/10/1992,484.00," $2,420.00 "," $1,210.00 ",12/28/2017,1/2/2018,Shipped,1,Surulere
958419,325698 - Rusky Onu,4/21/1999,269.00," $1,345.00 ", $591.80 ,12/29/2017,1/1/2018,Shipped,5,Chibok
808349,985245 - Ebenezer Graham,2/3/2003,396.00," $1,980.00 ", $990.00 ,12/29/2017,1/1/2018,Shipped,5,Owerri
392582,985245 - Ebenezer Graham,2/3/2003,121.00, $605.00 , $278.30 ,12/28/2017,1/1/2018,Shipped,1,Surulere
415147,152689 - Chidi Martin,8/10/1992,373.00," $1,865.00 ", $801.95 ,12/27/2017,1/1/2018,Shipped,3,Owerri
656789,325698 - Rusky Onu,4/21/1999,118.00, $590.00 , $283.20 ,12/28/2017,12/30/2017,Shipped,4,Markurdi
247229,325698 - Rusky Onu,4/21/1999,137.00, $685.00 , $308.25 ,12/27/2017,12/30/2017,Shipped,5,Surulere
532184,985245 - Michael Ephraim,6/3/2001,574.00," $2,870.00 "," $1,234.10 ",12/26/2017,12/30/2017,Shipped,5,Surulere
412714,325698 - Rusky Onu,4/21/1999,541.00," $2,705.00 "," $1,082.00 ",12/27/2017,12/29/2017,Shipped,4,Zaria
771432,325698 - Rusky Onu,4/21/1999,932.00," $4,660.00 "," $2,330.00 ",12/27/2017,12/29/2017,Shipped,4,Port Harcourt
363695,785432 - Chukwurah Emmanuel,12/20/2007,172.00, $860.00 , $387.00 ,12/24/2017,12/29/2017,Shipped,5,Zaria
395821,452584 - Ujunwa Aisha,9/26/1989,647.00," $3,235.00 "," $1,294.00 ",12/26/2017,12/28/2017,Shipped,2,Zaria
234191,325698 - Rusky Onu,4/21/1999,660.00," $3,300.00 "," $1,386.00 ",12/26/2017,12/28/2017,Shipped,2,Lekki
584039,325698 - Rusky Onu,4/21/1999,907.00," $4,535.00 "," $1,814.00 ",12/26/2017,12/28/2017,Shipped,3,Abuja
463601,325698 - Rusky Onu,4/21/1999,429.00," $2,145.00 ", $858.00 ,12/26/2017,12/28/2017,Shipped,5,Abuja
826310,325698 - Rusky Onu,4/21/1999,645.00," $3,225.00 "," $1,612.50 ",12/26/2017,12/28/2017,Shipped,1,Zaria
942932,985245 - Ebenezer Graham,2/3/2003,260.00," $1,300.00 ", $585.00 ,12/24/2017,12/27/2017,Shipped,1,Markurdi
661123,985245 - Ebenezer Graham,2/3/2003,847.00," $4,235.00 "," $1,694.00 ",12/24/2017,12/27/2017,Shipped,5,Markurdi
325363,985245 - Ebenezer Graham,2/3/2003,881.00," $4,405.00 "," $1,894.15 ",12/23/2017,12/27/2017,Shipped,4,Markurdi
510867,985245 - Ebenezer Graham,2/3/2003,183.00, $915.00 , $384.30 ,12/23/2017,12/27/2017,Shipped,4,Ekpoma
528961,325698 - Rusky Onu,4/21/1999,386.00," $1,930.00 ", $945.70 ,12/23/2017,12/26/2017,Shipped,1,Owerri
245351,985245 - Ebenezer Graham,2/3/2003,905.00," $4,525.00 "," $2,126.75 ",12/22/2017,12/26/2017,Shipped,1,Zaria
192645,325698 - Rusky Onu,4/21/1999,810.00," $4,050.00 "," $1,944.00 ",12/23/2017,12/25/2017,Shipped,2,Surulere
742364,452584 - Koko Alalibo,9/26/1979,298.00," $1,490.00 ", $625.80 ,12/22/2017,12/24/2017,Shipped,2,Ekpoma
515027,152689 - Chidi Martin,8/10/1992,151.00, $755.00 , $332.20 ,12/19/2017,12/24/2017,Shipped,3,Zaria
481884,325698 - Rusky Onu,4/21/1999,289.00," $1,445.00 ", $722.50 ,12/21/2017,12/23/2017,Shipped,4,Chibok
843491,325698 - Rusky Onu,4/21/1999,206.00," $1,030.00 ", $504.70 ,12/21/2017,12/23/2017,Shipped,1,Surulere
141948,985245 - Michael Ephraim,6/3/2001,874.00," $4,370.00 "," $1,748.00 ",12/19/2017,12/23/2017,Shipped,4,Chibok
887683,985245 - Michael Ephraim,6/3/2001,109.00, $545.00 , $256.15 ,12/19/2017,12/23/2017,Shipped,2,Markurdi
709704,985245 - Ebenezer Graham,2/3/2003,879.00," $4,395.00 "," $1,845.90 ",12/18/2017,12/22/2017,Shipped,1,Markurdi
241322,985245 - Ebenezer Graham,2/3/2003,167.00, $835.00 , $400.80 ,12/18/2017,12/22/2017,Shipped,2,Surulere
814674,152689 - Chidi Martin,8/10/1992,768.00," $3,840.00 "," $1,651.20 ",12/16/2017,12/21/2017,Shipped,1,Abuja
336048,152689 - Chidi Martin,8/10/1992,762.00," $3,810.00 "," $1,562.10 ",12/15/2017,12/20/2017,Shipped,1,Warri
701509,152689 - Chidi Martin,8/10/1992,919.00," $4,595.00 "," $1,975.85 ",12/15/2017,12/20/2017,Shipped,4,Ekpoma
576307,152689 - Chidi Martin,8/10/1992,294.00," $1,470.00 ", $735.00 ,12/15/2017,12/20/2017,Shipped,5,Markurdi
344339,152689 - Chidi Martin,8/10/1992,877.00," $4,385.00 "," $2,104.80 ",12/14/2017,12/20/2017,Shipped,5,Chibok
881420,985245 - Ebenezer Graham,2/3/2003,65.00, $325.00 , $143.00 ,12/15/2017,12/19/2017,Shipped,5,Ekpoma
451231,325698 - Rusky Onu,4/21/1999,62.00, $310.00 , $127.10 ,12/16/2017,12/18/2017,Shipped,1,Chibok
108434,152689 - Chidi Martin,8/10/1992,649.00," $3,245.00 "," $1,362.90 ",12/13/2017,12/18/2017,Shipped,1,Lekki
449832,785432 - Chukwurah Emmanuel,12/20/2007,570.00," $2,850.00 "," $1,368.00 ",12/12/2017,12/17/2017,Shipped,4,Zaria
890442,785432 - Chukwurah Emmanuel,12/20/2007,116.00, $580.00 , $261.00 ,12/11/2017,12/16/2017,Shipped,3,Chibok
331556,985245 - Ebenezer Graham,2/3/2003,414.00," $2,070.00 "," $1,035.00 ",12/11/2017,12/15/2017,Shipped,2,Markurdi
681122,152689 - Chidi Martin,8/10/1992,802.00," $4,010.00 "," $1,924.80 ",12/10/2017,12/15/2017,Shipped,2,Chibok
231255,985245 - Ebenezer Graham,2/3/2003,811.00," $4,055.00 "," $1,865.30 ",12/11/2017,12/14/2017,Shipped,1,Chibok
746823,985245 - Ebenezer Graham,2/3/2003,329.00," $1,645.00 ", $806.05 ,12/10/2017,12/14/2017,Shipped,3,Warri
451315,325698 - Rusky Onu,4/21/1999,828.00," $4,140.00 "," $2,028.60 ",12/11/2017,12/13/2017,Shipped,3,Warri
204675,152689 - Chidi Martin,8/10/1992,484.00," $2,420.00 ", $968.00 ,12/8/2017,12/13/2017,Shipped,3,Markurdi
144951,452584 - Ujunwa Aisha,9/26/1989,716.00," $3,580.00 "," $1,503.60 ",12/9/2017,12/11/2017,Shipped,1,Owerri
567318,325698 - Rusky Onu,4/21/1999,291.00," $1,455.00 ", $625.65 ,12/9/2017,12/11/2017,Shipped,2,Owerri
127517,325698 - Rusky Onu,4/21/1999,264.00," $1,320.00 ", $660.00 ,12/9/2017,12/11/2017,Shipped,2,Warri
439440,452584 - Ujunwa Aisha,9/26/1989,199.00, $995.00 , $467.65 ,12/8/2017,12/10/2017,Shipped,4,Lekki
258897,325698 - Rusky Onu,4/21/1999,468.00," $2,340.00 "," $1,029.60 ",12/8/2017,12/10/2017,Shipped,3,Zaria
962834,985245 - Ebenezer Graham,2/3/2003,164.00, $820.00 , $344.40 ,12/6/2017,12/10/2017,Shipped,2,Chibok
409682,152689 - Chidi Martin,8/10/1992,371.00," $1,855.00 ", $853.30 ,12/4/2017,12/9/2017,Shipped,1,Warri
XXXXXX,XXXXXX - Promo,2/3/1999,224.00," $1,120.00 ", $470.40 ,12/6/2017,12/8/2017,Shipped,2,Warri
769928,325698 - Rusky Onu,4/21/1999,532.00," $2,660.00 "," $1,276.80 ",12/6/2017,12/8/2017,Shipped,2,Surulere
264008,785432 - Chukwurah Emmanuel,12/20/2007,454.00," $2,270.00 ", $930.70 ,12/4/2017,12/8/2017,Shipped,1,Owerri
851540,325698 - Rusky Onu,4/21/1999,283.00," $1,415.00 ", $608.45 ,12/4/2017,12/7/2017,Shipped,5,Markurdi
939071,785432 - Chukwurah Emmanuel,12/20/2007,801.00," $4,005.00 "," $1,882.35 ",12/2/2017,12/7/2017,Shipped,2,Abuja
280732,985245 - Ebenezer Graham,2/3/2003,388.00," $1,940.00 ", $776.00 ,12/2/2017,12/6/2017,Shipped,2,Surulere
756135,785432 - Chukwurah Emmanuel,12/20/2007,867.00," $4,335.00 "," $2,167.50 ",12/1/2017,12/6/2017,Shipped,2,Warri
871605,152689 - Chidi Martin,8/10/1992,486.00," $2,430.00 "," $1,142.10 ",12/1/2017,12/6/2017,Shipped,1,Port Harcourt
771452,325698 - Rusky Onu,4/21/1999,387.00," $1,935.00 ", $832.05 ,12/2/2017,12/5/2017,Shipped,1,Markurdi
897246,785432 - Chukwurah Emmanuel,12/20/2007,440.00," $2,200.00 ", $968.00 ,11/30/2017,12/5/2017,Shipped,3,Chibok
887504,152689 - Chidi Martin,8/10/1992,458.00," $2,290.00 "," $1,030.50 ",11/30/2017,12/5/2017,Shipped,5,Surulere
XXXXXX,XXXXXX - Promo,8/16/1998,710.00," $3,550.00 "," $1,775.00 ",12/2/2017,12/4/2017,Shipped,5,Surulere
392541,325698 - Rusky Onu,4/21/1999,181.00, $905.00 , $452.50 ,12/1/2017,12/4/2017,Shipped,1,Chibok
324745,152689 - Chidi Martin,8/10/1992,240.00," $1,200.00 ", $504.00 ,11/29/2017,12/4/2017,Shipped,3,Abuja
522454,452584 - Ujunwa Aisha,9/26/1989,992.00," $4,960.00 "," $2,380.80 ",12/1/2017,12/3/2017,Shipped,3,Ekpoma
402665,325698 - Rusky Onu,4/21/1999,198.00, $990.00 , $396.00 ,12/1/2017,12/3/2017,Shipped,2,Zaria
456010,152689 - Chidi Martin,8/10/1992,953.00," $4,765.00 "," $2,001.30 ",11/28/2017,12/3/2017,Shipped,1,Abuja
322730,985245 - Ebenezer Graham,2/3/2003,652.00," $3,260.00 "," $1,304.00 ",11/28/2017,12/2/2017,Shipped,4,Owerri
XXXXXX,XXXXXX - Promo,2/7/2007,863.00," $4,315.00 "," $2,114.35 ",11/29/2017,12/1/2017,Shipped,3,Warri
578631,325698 - Rusky Onu,4/21/1999,107.00, $535.00 , $240.75 ,11/29/2017,12/1/2017,Shipped,4,Chibok
147424,152689 - Chidi Martin,8/10/1992,242.00," $1,210.00 ", $496.10 ,11/26/2017,12/1/2017,Shipped,2,Ekpoma
971773,325698 - Rusky Onu,4/21/1999,306.00," $1,530.00 ", $612.00 ,11/28/2017,11/30/2017,Shipped,4,Lekki
903848,325698 - Rusky Onu,4/21/1999,143.00, $715.00 , $321.75 ,11/28/2017,11/30/2017,Shipped,1,Surulere
558199,985245 - Ebenezer Graham,2/3/2003,381.00," $1,905.00 ", $895.35 ,11/27/2017,11/30/2017,Shipped,2,Owerri
681993,152689 - Chidi Martin,8/10/1992,589.00," $2,945.00 "," $1,354.70 ",11/25/2017,11/30/2017,Shipped,3,Warri
214016,785432 - Chukwurah Emmanuel,12/20/2007,679.00," $3,395.00 "," $1,663.55 ",11/25/2017,11/29/2017,Shipped,5,Lekki
773259,785432 - Chukwurah Emmanuel,12/20/2007,396.00," $1,980.00 ", $871.20 ,11/24/2017,11/29/2017,Shipped,4,Owerri
994115,152689 - Chidi Martin,8/10/1992,370.00," $1,850.00 ", $814.00 ,11/24/2017,11/29/2017,Shipped,2,Owerri
629859,325698 - Rusky Onu,4/21/1999,411.00," $2,055.00 ", $904.20 ,11/26/2017,11/28/2017,Shipped,4,Lekki
558505,785432 - Chukwurah Emmanuel,12/20/2007,554.00," $2,770.00 "," $1,301.90 ",11/23/2017,11/28/2017,Shipped,3,Lekki
978944,785432 - Chukwurah Emmanuel,12/20/2007,854.00," $4,270.00 "," $1,750.70 ",11/23/2017,11/28/2017,Shipped,5,Markurdi
782368,985245 - Ebenezer Graham,2/3/2003,507.00," $2,535.00 "," $1,039.35 ",11/23/2017,11/27/2017,Shipped,2,Warri
778964,785432 - Chukwurah Emmanuel,12/20/2007,189.00, $945.00 , $463.05 ,11/22/2017,11/27/2017,Shipped,4,Surulere
859406,785432 - Chukwurah Emmanuel,12/20/2007,279.00," $1,395.00 ", $613.80 ,11/22/2017,11/26/2017,Shipped,3,Surulere
135342,785432 - Chukwurah Emmanuel,12/20/2007,865.00," $4,325.00 "," $1,859.75 ",11/21/2017,11/26/2017,Shipped,4,Owerri
300256,452584 - Ujunwa Aisha,9/26/1989,663.00," $3,315.00 "," $1,491.75 ",11/23/2017,11/25/2017,Shipped,3,Abuja
704335,325698 - Rusky Onu,4/21/1999,832.00," $4,160.00 "," $1,664.00 ",11/22/2017,11/25/2017,Shipped,1,Warri
750597,985245 - Ebenezer Graham,2/3/2003,142.00, $710.00 , $291.10 ,11/21/2017,11/25/2017,Shipped,5,Zaria
673063,785432 - Chukwurah Emmanuel,12/20/2007,183.00, $915.00 , $366.00 ,11/20/2017,11/25/2017,Shipped,3,Markurdi
168472,325698 - Rusky Onu,4/21/1999,890.00," $4,450.00 "," $1,869.00 ",11/22/2017,11/24/2017,Shipped,5,Surulere
534373,325698 - Rusky Onu,4/21/1999,434.00," $2,170.00 "," $1,019.90 ",11/22/2017,11/24/2017,Shipped,1,Surulere
396324,785432 - Sola Princewill,12/20/2002,774.00," $3,870.00 "," $1,586.70 ",11/19/2017,11/24/2017,Shipped,2,Warri
567878,452584 - Ujunwa Aisha,9/26/1989,748.00," $3,740.00 "," $1,870.00 ",11/21/2017,11/23/2017,Shipped,2,Ekpoma
638692,452584 - Ujunwa Aisha,9/26/1989,447.00," $2,235.00 "," $1,095.15 ",11/21/2017,11/23/2017,Shipped,5,Port Harcourt
376991,985245 - Ebenezer Graham,2/3/2003,784.00," $3,920.00 "," $1,842.40 ",11/19/2017,11/23/2017,Shipped,3,Port Harcourt
662094,785432 - Chukwurah Emmanuel,12/20/2007,69.00, $345.00 , $158.70 ,11/19/2017,11/23/2017,Shipped,5,Lekki
848797,152689 - Chidi Martin,8/10/1992,569.00," $2,845.00 "," $1,223.35 ",11/18/2017,11/23/2017,Shipped,1,Abuja
325722,325698 - Rusky Onu,4/21/1999,401.00," $2,005.00 ", $862.15 ,11/20/2017,11/22/2017,Shipped,4,Zaria
731926,985245 - Michael Ephraim,6/3/2001,522.00," $2,610.00 "," $1,148.40 ",11/18/2017,11/22/2017,Shipped,2,Abuja
512156,985245 - Ebenezer Graham,2/3/2003,430.00," $2,150.00 "," $1,053.50 ",11/18/2017,11/21/2017,Shipped,3,Owerri
122674,985245 - Ebenezer Graham,2/3/2003,900.00," $4,500.00 "," $2,205.00 ",11/17/2017,11/21/2017,Shipped,2,Port Harcourt
529258,152689 - Chidi Martin,8/10/1992,134.00, $670.00 , $294.80 ,11/16/2017,11/21/2017,Shipped,1,Abuja
182760,152689 - Chidi Martin,8/10/1992,614.00," $3,070.00 "," $1,535.00 ",11/16/2017,11/21/2017,Shipped,3,Port Harcourt
788942,325698 - Rusky Onu,4/21/1999,998.00," $4,990.00 "," $2,245.50 ",11/18/2017,11/20/2017,Shipped,4,Abuja
637784,785432 - Chukwurah Emmanuel,12/20/2007,604.00," $3,020.00 "," $1,208.00 ",11/15/2017,11/20/2017,Shipped,4,Zaria
276390,325698 - Rusky Onu,4/21/1999,469.00," $2,345.00 "," $1,125.60 ",11/17/2017,11/19/2017,Shipped,2,Owerri
976271,325698 - Rusky Onu,4/21/1999,422.00," $2,110.00 ", $928.40 ,11/17/2017,11/19/2017,Shipped,1,Owerri
XXXXXX,XXXXXX - Promo,6/9/2007,149.00, $745.00 , $312.90 ,11/16/2017,11/18/2017,Shipped,2,Ekpoma
213148,985245 - Ebenezer Graham,2/3/2003,988.00," $4,940.00 "," $2,223.00 ",11/15/2017,11/18/2017,Shipped,2,Owerri
304591,985245 - Ebenezer Graham,2/3/2003,583.00," $2,915.00 "," $1,311.75 ",11/13/2017,11/17/2017,Shipped,5,Owerri
451144,785432 - Sola Princewill,12/20/2002,816.00," $4,080.00 "," $1,672.80 ",11/12/2017,11/17/2017,Shipped,5,Markurdi
289011,785432 - Chukwurah Emmanuel,12/20/2007,491.00," $2,455.00 "," $1,006.55 ",11/12/2017,11/17/2017,Shipped,2,Surulere
150718,325698 - Rusky Onu,4/21/1999,929.00," $4,645.00 "," $2,322.50 ",11/14/2017,11/16/2017,Shipped,2,Owerri
824241,985245 - Ebenezer Graham,2/3/2003,794.00," $3,970.00 "," $1,588.00 ",11/13/2017,11/16/2017,Shipped,5,Markurdi
800224,152689 - Chidi Martin,8/10/1992,306.00," $1,530.00 ", $734.40 ,11/11/2017,11/16/2017,Shipped,3,Markurdi
418154,985245 - Ebenezer Graham,2/3/2003,71.00, $355.00 , $145.55 ,11/11/2017,11/15/2017,Shipped,4,Markurdi
921011,785432 - Chukwurah Emmanuel,12/20/2007,57.00, $285.00 , $136.80 ,11/11/2017,11/15/2017,Shipped,3,Warri
426239,152689 - Chidi Martin,8/10/1992,76.00, $380.00 , $163.40 ,11/10/2017,11/15/2017,Shipped,1,Chibok
916225,152689 - Chidi Martin,8/10/1992,933.00," $4,665.00 "," $2,145.90 ",11/9/2017,11/14/2017,Shipped,5,Zaria
572103,452584 - Ujunwa Aisha,9/26/1989,785.00," $3,925.00 "," $1,609.25 ",11/11/2017,11/13/2017,Shipped,4,Ekpoma
717200,325698 - Rusky Onu,4/21/1999,199.00, $995.00 , $457.70 ,11/11/2017,11/13/2017,Shipped,5,Surulere
613916,325698 - Rusky Onu,4/21/1999,788.00," $3,940.00 "," $1,773.00 ",11/8/2017,11/10/2017,Shipped,2,Owerri
660260,325698 - Rusky Onu,4/21/1999,840.00," $4,200.00 "," $1,890.00 ",11/8/2017,11/10/2017,Shipped,2,Lekki
231823,152689 - Chidi Martin,8/10/1992,617.00," $3,085.00 "," $1,419.10 ",11/5/2017,11/10/2017,Shipped,3,Lekki
747451,325698 - Rusky Onu,4/21/1999,313.00," $1,565.00 ", $719.90 ,11/7/2017,11/9/2017,Shipped,3,Lekki
559170,325698 - Rusky Onu,4/21/1999,833.00," $4,165.00 "," $1,707.65 ",11/5/2017,11/7/2017,Shipped,1,Surulere
894307,325698 - Rusky Onu,4/21/1999,262.00," $1,310.00 ", $589.50 ,11/5/2017,11/7/2017,Shipped,1,Lekki
266303,985245 - Ebenezer Graham,2/3/2003,956.00," $4,780.00 "," $1,959.80 ",11/4/2017,11/7/2017,Shipped,2,Ekpoma
325582,152689 - Chidi Martin,8/10/1992,299.00," $1,495.00 ", $732.55 ,11/2/2017,11/7/2017,Shipped,3,Port Harcourt
444853,985245 - Ebenezer Graham,2/3/2003,726.00," $3,630.00 "," $1,815.00 ",11/2/2017,11/6/2017,Shipped,4,Markurdi
681143,785432 - Chukwurah Emmanuel,12/20/2007,86.00, $430.00 , $215.00 ,11/2/2017,11/6/2017,Shipped,5,Warri
993432,325698 - Rusky Onu,4/21/1999,785.00," $3,925.00 "," $1,923.25 ",11/2/2017,11/5/2017,Shipped,4,Surulere
789672,985245 - Ebenezer Graham,2/3/2003,126.00, $630.00 , $283.50 ,11/2/2017,11/5/2017,Shipped,5,Owerri
931362,985245 - Ebenezer Graham,2/3/2003,138.00, $690.00 , $282.90 ,11/1/2017,11/5/2017,Shipped,5,Lekki
117646,152689 - Chidi Martin,8/10/1992,116.00, $580.00 , $272.60 ,10/31/2017,11/5/2017,Shipped,4,Chibok
469775,985245 - Ebenezer Graham,2/3/2003,844.00," $4,220.00 "," $2,025.60 ",11/1/2017,11/4/2017,Shipped,4,Abuja
303439,325698 - Rusky Onu,4/21/1999,544.00," $2,720.00 "," $1,115.20 ",11/1/2017,11/3/2017,Shipped,3,Owerri
221721,325698 - Rusky Onu,4/21/1999,513.00," $2,565.00 "," $1,077.30 ",11/1/2017,11/3/2017,Shipped,5,Abuja
777018,325698 - Rusky Onu,4/21/1999,573.00," $2,865.00 "," $1,231.95 ",10/31/2017,11/3/2017,Shipped,1,Abuja
525823,985245 - Ebenezer Graham,2/3/2003,716.00," $3,580.00 "," $1,682.60 ",10/30/2017,11/3/2017,Shipped,4,Warri
957273,452584 - Koko Alalibo,9/26/1979,51.00, $255.00 , $117.30 ,10/31/2017,11/2/2017,Shipped,2,Ekpoma
586527,152689 - Chidi Martin,8/10/1992,232.00," $1,160.00 ", $498.80 ,10/28/2017,11/2/2017,Shipped,1,Port Harcourt
434380,325698 - Rusky Onu,4/21/1999,288.00," $1,440.00 ", $590.40 ,10/28/2017,10/31/2017,Shipped,5,Port Harcourt
846605,985245 - Michael Ephraim,6/3/2001,700.00," $3,500.00 "," $1,435.00 ",10/28/2017,10/31/2017,Shipped,2,Owerri
827225,985245 - Ebenezer Graham,2/3/2003,254.00," $1,270.00 ", $571.50 ,10/27/2017,10/31/2017,Shipped,1,Markurdi
464618,452584 - Ujunwa Aisha,9/26/1989,516.00," $2,580.00 "," $1,032.00 ",10/26/2017,10/28/2017,Shipped,2,Surulere
603607,325698 - Rusky Onu,4/21/1999,861.00," $4,305.00 "," $1,980.30 ",10/26/2017,10/28/2017,Shipped,5,Markurdi
292683,152689 - Chidi Martin,8/10/1992,608.00," $3,040.00 "," $1,368.00 ",10/23/2017,10/28/2017,Shipped,2,Surulere
430954,325698 - Rusky Onu,4/21/1999,125.00, $625.00 , $268.75 ,10/25/2017,10/27/2017,Shipped,2,Owerri
693438,325698 - Rusky Onu,4/21/1999,551.00," $2,755.00 "," $1,239.75 ",10/24/2017,10/27/2017,Shipped,4,Owerri
783252,152689 - Chidi Martin,8/10/1992,578.00," $2,890.00 "," $1,445.00 ",10/22/2017,10/27/2017,Shipped,5,Ekpoma
187764,325698 - Rusky Onu,4/21/1999,962.00," $4,810.00 "," $2,356.90 ",10/24/2017,10/26/2017,Shipped,3,Zaria
378251,785432 - Chukwurah Emmanuel,12/20/2007,812.00," $4,060.00 "," $1,948.80 ",10/21/2017,10/26/2017,Shipped,3,Zaria
710626,152689 - Chidi Martin,8/10/1992,326.00," $1,630.00 ", $782.40 ,10/21/2017,10/26/2017,Shipped,3,Abuja
377129,325698 - Rusky Onu,4/21/1999,659.00," $3,295.00 "," $1,449.80 ",10/23/2017,10/25/2017,Shipped,5,Warri
257728,325698 - Rusky Onu,4/21/1999,224.00," $1,120.00 ", $481.60 ,10/22/2017,10/25/2017,Shipped,3,Port Harcourt
570947,152689 - Chidi Martin,8/10/1992,865.00," $4,325.00 "," $1,730.00 ",10/20/2017,10/25/2017,Shipped,4,Abuja
138168,325698 - Rusky Onu,4/21/1999,470.00," $2,350.00 ", $940.00 ,10/22/2017,10/24/2017,Shipped,5,Warri
138939,152689 - Chidi Martin,8/10/1992,640.00," $3,200.00 "," $1,440.00 ",10/19/2017,10/24/2017,Shipped,1,Abuja
878328,785432 - Chukwurah Emmanuel,12/20/2007,978.00," $4,890.00 "," $2,151.60 ",10/18/2017,10/23/2017,Shipped,5,Ekpoma
708058,325698 - Rusky Onu,4/21/1999,224.00," $1,120.00 ", $537.60 ,10/20/2017,10/22/2017,Shipped,1,Abuja
268296,325698 - Rusky Onu,4/21/1999,759.00," $3,795.00 "," $1,897.50 ",10/19/2017,10/22/2017,Shipped,3,Zaria
830105,785432 - Chukwurah Emmanuel,12/20/2007,714.00," $3,570.00 "," $1,499.40 ",10/17/2017,10/22/2017,Shipped,4,Chibok
399353,325698 - Rusky Onu,4/21/1999,702.00," $3,510.00 "," $1,404.00 ",10/19/2017,10/21/2017,Shipped,1,Port Harcourt
385489,325698 - Rusky Onu,4/21/1999,298.00," $1,490.00 ", $685.40 ,10/19/2017,10/21/2017,Shipped,1,Lekki
636900,785432 - Chukwurah Emmanuel,12/20/2007,837.00," $4,185.00 "," $1,925.10 ",10/16/2017,10/21/2017,Shipped,3,Markurdi
473127,152689 - Chidi Martin,8/10/1992,649.00," $3,245.00 "," $1,492.70 ",10/14/2017,10/19/2017,Shipped,4,Surulere
551726,985245 - Ebenezer Graham,2/3/2003,192.00, $960.00 , $451.20 ,10/15/2017,10/18/2017,Shipped,3,Owerri
719068,785432 - Chukwurah Emmanuel,12/20/2007,717.00," $3,585.00 "," $1,649.10 ",10/13/2017,10/18/2017,Shipped,4,Warri
441614,785432 - Chukwurah Emmanuel,12/20/2007,540.00," $2,700.00 "," $1,134.00 ",10/12/2017,10/17/2017,Shipped,2,Lekki
548124,325698 - Rusky Onu,4/21/1999,972.00," $4,860.00 "," $1,992.60 ",10/14/2017,10/16/2017,Shipped,3,Zaria
877715,325698 - Rusky Onu,4/21/1999,634.00," $3,170.00 "," $1,458.20 ",10/13/2017,10/16/2017,Shipped,1,Warri
956095,985245 - Michael Ephraim,6/3/2001,519.00," $2,595.00 "," $1,063.95 ",10/13/2017,10/16/2017,Shipped,1,Warri
144597,985245 - Ebenezer Graham,2/3/2003,282.00," $1,410.00 ", $578.10 ,10/12/2017,10/16/2017,Shipped,3,Warri
105886,985245 - Ebenezer Graham,2/3/2003,489.00," $2,445.00 "," $1,173.60 ",10/12/2017,10/16/2017,Shipped,2,Owerri
128051,152689 - Chidi Martin,8/10/1992,860.00," $4,300.00 "," $2,107.00 ",10/11/2017,10/16/2017,Shipped,4,Zaria
546717,152689 - Chidi Martin,8/10/1992,965.00," $4,825.00 "," $1,930.00 ",10/11/2017,10/16/2017,Shipped,5,Surulere
951311,152689 - Chidi Martin,8/10/1992,175.00, $875.00 , $350.00 ,10/11/2017,10/16/2017,Shipped,4,Owerri
630749,452584 - Ujunwa Aisha,9/26/1989,767.00," $3,835.00 "," $1,534.00 ",10/13/2017,10/15/2017,Shipped,4,Abuja
673425,985245 - Ebenezer Graham,2/3/2003,568.00," $2,840.00 "," $1,136.00 ",10/11/2017,10/15/2017,Shipped,3,Zaria
477121,785432 - Chukwurah Emmanuel,12/20/2007,811.00," $4,055.00 "," $1,865.30 ",10/10/2017,10/15/2017,Shipped,2,Warri
860562,152689 - Chidi Martin,8/10/1992,537.00," $2,685.00 "," $1,208.25 ",10/10/2017,10/15/2017,Shipped,5,Warri
187777,152689 - Chidi Martin,8/10/1992,192.00, $960.00 , $384.00 ,10/10/2017,10/15/2017,Shipped,5,Owerri
662674,452584 - Ujunwa Aisha,9/26/1989,304.00," $1,520.00 ", $699.20 ,10/12/2017,10/14/2017,Shipped,2,Markurdi
906411,325698 - Rusky Onu,4/21/1999,544.00," $2,720.00 "," $1,332.80 ",10/11/2017,10/13/2017,Shipped,3,Surulere
725282,985245 - Ebenezer Graham,2/3/2003,881.00," $4,405.00 "," $2,202.50 ",10/9/2017,10/13/2017,Shipped,2,Zaria
589922,985245 - Ebenezer Graham,2/3/2003,558.00," $2,790.00 "," $1,171.80 ",10/9/2017,10/13/2017,Shipped,2,Abuja
282180,785432 - Chukwurah Emmanuel,12/20/2007,509.00," $2,545.00 "," $1,196.15 ",10/8/2017,10/13/2017,Shipped,1,Warri
171734,325698 - Rusky Onu,4/21/1999,153.00, $765.00 , $313.65 ,10/10/2017,10/12/2017,Shipped,4,Lekki
700155,985245 - Ebenezer Graham,2/3/2003,223.00," $1,115.00 ", $468.30 ,10/8/2017,10/12/2017,Shipped,3,Surulere
311278,785432 - Chukwurah Emmanuel,12/20/2007,395.00," $1,975.00 ", $849.25 ,10/8/2017,10/12/2017,Shipped,3,Port Harcourt
142820,152689 - Chidi Martin,8/10/1992,514.00," $2,570.00 "," $1,156.50 ",10/6/2017,10/12/2017,Shipped,4,Ekpoma
794609,452584 - Ujunwa Aisha,9/26/1989,633.00," $3,165.00 "," $1,455.90 ",10/9/2017,10/11/2017,Shipped,1,Warri
950458,325698 - Rusky Onu,4/21/1999,153.00, $765.00 , $359.55 ,10/9/2017,10/11/2017,Shipped,5,Lekki
141474,785432 - Chukwurah Emmanuel,12/20/2007,259.00," $1,295.00 ", $569.80 ,10/7/2017,10/11/2017,Shipped,2,Chibok
216808,785432 - Chukwurah Emmanuel,12/20/2007,875.00," $4,375.00 "," $2,187.50 ",10/6/2017,10/11/2017,Shipped,1,Chibok
554569,325698 - Rusky Onu,4/21/1999,841.00," $4,205.00 "," $1,976.35 ",10/7/2017,10/9/2017,Shipped,4,Owerri
498706,325698 - Rusky Onu,4/21/1999,292.00," $1,460.00 ", $700.80 ,10/6/2017,10/9/2017,Shipped,2,Abuja
246626,985245 - Michael Ephraim,6/3/2001,55.00, $275.00 , $118.25 ,10/5/2017,10/9/2017,Shipped,2,Markurdi
521886,785432 - Chukwurah Emmanuel,12/20/2007,867.00," $4,335.00 "," $1,777.35 ",10/4/2017,10/9/2017,Shipped,3,Ekpoma
XXXXXX,XXXXXX - Promo,10/18/2009,715.00," $3,575.00 "," $1,716.00 ",10/5/2017,10/7/2017,Shipped,4,Chibok
313500,985245 - Ebenezer Graham,2/3/2003,540.00," $2,700.00 "," $1,215.00 ",10/3/2017,10/7/2017,Shipped,4,Ekpoma
108440,152689 - Chidi Martin,8/10/1992,55.00, $275.00 , $129.25 ,10/2/2017,10/7/2017,Shipped,3,Chibok
633331,325698 - Rusky Onu,4/21/1999,523.00," $2,615.00 "," $1,281.35 ",10/4/2017,10/6/2017,Shipped,3,Lekki
871676,985245 - Ebenezer Graham,2/3/2003,676.00," $3,380.00 "," $1,656.20 ",10/2/2017,10/6/2017,Shipped,2,Markurdi
369239,785432 - Chukwurah Emmanuel,12/20/2007,313.00," $1,565.00 ", $704.25 ,10/1/2017,10/6/2017,Shipped,4,Port Harcourt
690844,152689 - Chidi Martin,8/10/1992,630.00," $3,150.00 "," $1,417.50 ",10/1/2017,10/6/2017,Shipped,1,Chibok
425299,452584 - Ujunwa Aisha,9/26/1989,130.00, $650.00 , $325.00 ,10/3/2017,10/5/2017,Shipped,4,Warri
473665,452584 - Ujunwa Aisha,9/26/1989,235.00," $1,175.00 ", $505.25 ,10/2/2017,10/4/2017,Shipped,3,Warri
252449,985245 - Ebenezer Graham,2/3/2003,675.00," $3,375.00 "," $1,350.00 ",9/30/2017,10/4/2017,Shipped,4,Chibok
196953,325698 - Rusky Onu,4/21/1999,84.00, $420.00 , $176.40 ,10/1/2017,10/3/2017,Shipped,2,Zaria
174067,325698 - Rusky Onu,4/21/1999,987.00," $4,935.00 "," $2,368.80 ",10/1/2017,10/3/2017,Shipped,5,Abuja
670189,325698 - Rusky Onu,4/21/1999,128.00, $640.00 , $268.80 ,9/30/2017,10/2/2017,Shipped,3,Ekpoma
414251,785432 - Chukwurah Emmanuel,12/20/2007,747.00," $3,735.00 "," $1,606.05 ",9/28/2017,10/2/2017,Shipped,3,Zaria
842561,152689 - Chidi Martin,8/10/1992,53.00, $265.00 , $111.30 ,9/27/2017,10/2/2017,Shipped,1,Abuja
128273,152689 - Chidi Martin,8/10/1992,857.00," $4,285.00 "," $1,799.70 ",9/27/2017,10/2/2017,Shipped,1,Port Harcourt
342085,152689 - Chidi Martin,8/10/1992,255.00," $1,275.00 ", $612.00 ,9/26/2017,10/2/2017,Shipped,2,Warri
512151,325698 - Rusky Onu,4/21/1999,275.00," $1,375.00 ", $618.75 ,9/29/2017,10/1/2017,Shipped,1,Markurdi
605022,985245 - Ebenezer Graham,2/3/2003,227.00," $1,135.00 ", $567.50 ,9/27/2017,10/1/2017,Shipped,5,Abuja
880643,785432 - Chukwurah Emmanuel,12/20/2007,326.00," $1,630.00 ", $782.40 ,9/26/2017,10/1/2017,Shipped,5,Port Harcourt
813357,152689 - Chidi Martin,8/10/1992,355.00," $1,775.00 ", $798.75 ,9/26/2017,10/1/2017,Shipped,2,Surulere
370020,325698 - Rusky Onu,4/21/1999,654.00," $3,270.00 "," $1,340.70 ",9/28/2017,9/30/2017,Shipped,4,Zaria
661724,785432 - Chukwurah Emmanuel,12/20/2007,340.00," $1,700.00 ", $765.00 ,9/25/2017,9/30/2017,Shipped,4,Markurdi
329404,152689 - Chidi Martin,8/10/1992,833.00," $4,165.00 "," $1,832.60 ",9/24/2017,9/30/2017,Shipped,2,Surulere
312503,325698 - Rusky Onu,4/21/1999,538.00," $2,690.00 "," $1,291.20 ",9/27/2017,9/29/2017,Shipped,2,Chibok
746462,325698 - Rusky Onu,4/21/1999,784.00," $3,920.00 "," $1,881.60 ",9/26/2017,9/29/2017,Shipped,5,Lekki
670237,325698 - Rusky Onu,4/21/1999,396.00," $1,980.00 ", $950.40 ,9/26/2017,9/28/2017,Shipped,4,Chibok
621395,325698 - Rusky Onu,4/21/1999,471.00," $2,355.00 "," $1,083.30 ",9/26/2017,9/28/2017,Shipped,5,Warri
974004,325698 - Rusky Onu,4/21/1999,819.00," $4,095.00 "," $1,801.80 ",9/25/2017,9/27/2017,Shipped,4,Owerri
378960,325698 - Rusky Onu,4/21/1999,291.00," $1,455.00 ", $683.85 ,9/25/2017,9/27/2017,Shipped,4,Port Harcourt
530416,325698 - Rusky Onu,4/21/1999,643.00," $3,215.00 "," $1,318.15 ",9/24/2017,9/27/2017,Shipped,3,Owerri
251025,785432 - Chukwurah Emmanuel,12/20/2007,193.00, $965.00 , $463.20 ,9/22/2017,9/27/2017,Shipped,3,Abuja
886101,785432 - Chukwurah Emmanuel,12/20/2007,434.00," $2,170.00 ", $998.20 ,9/21/2017,9/26/2017,Shipped,5,Warri
185315,785432 - Chukwurah Emmanuel,12/20/2007,295.00," $1,475.00 ", $678.50 ,9/21/2017,9/26/2017,Shipped,2,Ekpoma
451038,152689 - Chidi Martin,8/10/1992,809.00," $4,045.00 "," $1,658.45 ",9/21/2017,9/26/2017,Shipped,3,Abuja
463848,152689 - Chidi Martin,8/10/1992,517.00," $2,585.00 "," $1,266.65 ",9/21/2017,9/26/2017,Shipped,5,Markurdi
512022,152689 - Chidi Martin,8/10/1992,685.00," $3,425.00 "," $1,609.75 ",9/20/2017,9/26/2017,Shipped,3,Abuja
512882,325698 - Rusky Onu,4/21/1999,491.00," $2,455.00 "," $1,227.50 ",9/23/2017,9/25/2017,Shipped,1,Warri
200513,452584 - Ujunwa Aisha,9/26/1989,805.00," $4,025.00 "," $1,730.75 ",9/22/2017,9/24/2017,Shipped,3,Abuja
820296,152689 - Chidi Martin,8/10/1992,877.00," $4,385.00 "," $2,060.95 ",9/19/2017,9/24/2017,Shipped,1,Chibok
396627,452584 - Ujunwa Aisha,9/26/1989,489.00," $2,445.00 "," $1,026.90 ",9/21/2017,9/23/2017,Shipped,3,Surulere
157286,325698 - Rusky Onu,4/21/1999,371.00," $1,855.00 ", $742.00 ,9/21/2017,9/23/2017,Shipped,5,Port Harcourt
943430,325698 - Rusky Onu,4/21/1999,117.00, $585.00 , $269.10 ,9/20/2017,9/22/2017,Shipped,1,Zaria
565177,152689 - Chidi Martin,8/10/1992,681.00," $3,405.00 "," $1,634.40 ",9/17/2017,9/22/2017,Shipped,4,Surulere
234614,985245 - Ebenezer Graham,2/3/2003,899.00," $4,495.00 "," $1,842.95 ",9/17/2017,9/21/2017,Shipped,1,Markurdi
595618,325698 - Rusky Onu,4/21/1999,128.00, $640.00 , $300.80 ,9/18/2017,9/20/2017,Shipped,2,Warri
269756,985245 - Ebenezer Graham,2/3/2003,437.00," $2,185.00 ", $939.55 ,9/16/2017,9/20/2017,Shipped,2,Zaria
409944,152689 - Chidi Martin,8/10/1992,776.00," $3,880.00 "," $1,823.60 ",9/15/2017,9/20/2017,Shipped,3,Ekpoma
211807,325698 - Rusky Onu,4/21/1999,861.00," $4,305.00 "," $1,722.00 ",9/17/2017,9/19/2017,Shipped,3,Port Harcourt
929839,785432 - Chukwurah Emmanuel,12/20/2007,631.00," $3,155.00 "," $1,451.30 ",9/14/2017,9/19/2017,Shipped,4,Warri
297970,985245 - Ebenezer Graham,2/3/2003,819.00," $4,095.00 "," $1,801.80 ",9/14/2017,9/18/2017,Shipped,4,Warri
549314,785432 - Chukwurah Emmanuel,12/20/2007,269.00," $1,345.00 ", $618.70 ,9/14/2017,9/18/2017,Shipped,1,Ekpoma
163017,785432 - Chukwurah Emmanuel,12/20/2007,54.00, $270.00 , $135.00 ,9/13/2017,9/18/2017,Shipped,2,Abuja
891248,785432 - Chukwurah Emmanuel,12/20/2007,199.00, $995.00 , $407.95 ,9/13/2017,9/18/2017,Shipped,2,Surulere
899519,452584 - Ujunwa Aisha,9/26/1989,967.00," $4,835.00 "," $2,079.05 ",9/15/2017,9/17/2017,Shipped,1,Surulere
967149,325698 - Rusky Onu,4/21/1999,600.00," $3,000.00 "," $1,320.00 ",9/15/2017,9/17/2017,Shipped,3,Markurdi
767274,152689 - Chidi Martin,8/10/1992,924.00," $4,620.00 "," $2,171.40 ",9/12/2017,9/17/2017,Shipped,5,Warri
779415,325698 - Rusky Onu,4/21/1999,772.00," $3,860.00 "," $1,930.00 ",9/14/2017,9/16/2017,Shipped,4,Markurdi
903575,325698 - Rusky Onu,4/21/1999,490.00," $2,450.00 "," $1,200.50 ",9/14/2017,9/16/2017,Shipped,2,Ekpoma
506637,325698 - Rusky Onu,4/21/1999,432.00," $2,160.00 "," $1,036.80 ",9/14/2017,9/16/2017,Shipped,1,Lekki
120946,152689 - Chidi Martin,8/10/1992,480.00," $2,400.00 "," $1,200.00 ",9/11/2017,9/16/2017,Shipped,5,Markurdi
930934,325698 - Rusky Onu,4/21/1999,436.00," $2,180.00 ", $893.80 ,9/13/2017,9/15/2017,Shipped,4,Markurdi
749930,985245 - Ebenezer Graham,2/3/2003,766.00," $3,830.00 "," $1,685.20 ",9/11/2017,9/15/2017,Shipped,4,Warri
703382,452584 - Ujunwa Aisha,9/26/1989,74.00, $370.00 , $151.70 ,9/12/2017,9/14/2017,Shipped,5,Markurdi
329723,152689 - Chidi Martin,8/10/1992,230.00," $1,150.00 ", $540.50 ,9/9/2017,9/14/2017,Shipped,1,Chibok
424746,152689 - Chidi Martin,8/10/1992,272.00," $1,360.00 ", $680.00 ,9/9/2017,9/14/2017,Shipped,1,Lekki
556885,985245 - Ebenezer Graham,2/3/2003,911.00," $4,555.00 "," $2,277.50 ",9/9/2017,9/13/2017,Shipped,5,Port Harcourt
663009,152689 - Chidi Martin,8/10/1992,511.00," $2,555.00 "," $1,124.20 ",9/8/2017,9/13/2017,Shipped,5,Warri
634507,152689 - Chidi Martin,8/10/1992,557.00," $2,785.00 "," $1,141.85 ",9/8/2017,9/13/2017,Shipped,2,Abuja
247112,325698 - Rusky Onu,4/21/1999,807.00," $4,035.00 "," $1,896.45 ",9/9/2017,9/11/2017,Shipped,5,Abuja
135896,785432 - Chukwurah Emmanuel,12/20/2007,787.00," $3,935.00 "," $1,967.50 ",9/5/2017,9/10/2017,Shipped,5,Port Harcourt
161633,325698 - Rusky Onu,4/21/1999,751.00," $3,755.00 "," $1,802.40 ",9/7/2017,9/9/2017,Shipped,5,Markurdi
395060,325698 - Rusky Onu,4/21/1999,750.00," $3,750.00 "," $1,575.00 ",9/7/2017,9/9/2017,Shipped,3,Owerri
798935,325698 - Rusky Onu,4/21/1999,664.00," $3,320.00 "," $1,494.00 ",9/7/2017,9/9/2017,Shipped,5,Owerri
891332,985245 - Ebenezer Graham,2/3/2003,479.00," $2,395.00 "," $1,077.75 ",9/6/2017,9/9/2017,Shipped,4,Ekpoma
559744,152689 - Chidi Martin,8/10/1992,675.00," $3,375.00 "," $1,552.50 ",9/4/2017,9/9/2017,Shipped,4,Ekpoma
907552,152689 - Chidi Martin,8/10/1992,608.00," $3,040.00 "," $1,307.20 ",9/4/2017,9/9/2017,Shipped,1,Ekpoma
466576,325698 - Rusky Onu,4/21/1999,311.00," $1,555.00 ", $730.85 ,9/6/2017,9/8/2017,Shipped,5,Surulere
254665,785432 - Chukwurah Emmanuel,12/20/2007,713.00," $3,565.00 "," $1,461.65 ",9/3/2017,9/8/2017,Shipped,2,Markurdi
694712,785432 - Chukwurah Emmanuel,12/20/2007,534.00," $2,670.00 "," $1,094.70 ",9/2/2017,9/6/2017,Shipped,3,Port Harcourt
575481,152689 - Chidi Martin,8/10/1992,371.00," $1,855.00 ", $871.85 ,9/1/2017,9/6/2017,Shipped,2,Markurdi
252864,785432 - Chukwurah Emmanuel,12/20/2007,992.00," $4,960.00 "," $2,331.20 ",8/31/2017,9/5/2017,Shipped,1,Owerri
280959,325698 - Rusky Onu,4/21/1999,660.00," $3,300.00 "," $1,386.00 ",9/2/2017,9/4/2017,Shipped,1,Lekki
181200,785432 - Chukwurah Emmanuel,12/20/2007,461.00," $2,305.00 "," $1,014.20 ",8/30/2017,9/4/2017,Shipped,1,Owerri
768738,452584 - Ujunwa Aisha,9/26/1989,534.00," $2,670.00 "," $1,335.00 ",8/31/2017,9/2/2017,Shipped,2,Ekpoma
747478,325698 - Rusky Onu,4/21/1999,302.00," $1,510.00 ", $679.50 ,8/31/2017,9/2/2017,Shipped,3,Lekki
203607,325698 - Rusky Onu,4/21/1999,472.00," $2,360.00 "," $1,156.40 ",8/31/2017,9/2/2017,Shipped,2,Chibok
195565,985245 - Ebenezer Graham,2/3/2003,975.00," $4,875.00 "," $2,340.00 ",8/28/2017,9/1/2017,Shipped,1,Owerri
865714,985245 - Ebenezer Graham,2/3/2003,331.00," $1,655.00 ", $777.85 ,8/28/2017,9/1/2017,Shipped,2,Lekki
650269,325698 - Rusky Onu,4/21/1999,179.00, $895.00 , $366.95 ,8/28/2017,8/30/2017,Shipped,5,Chibok
241361,325698 - Rusky Onu,4/21/1999,466.00," $2,330.00 "," $1,048.50 ",8/28/2017,8/30/2017,Shipped,5,Lekki
770527,985245 - Ebenezer Graham,2/3/2003,332.00," $1,660.00 ", $664.00 ,8/24/2017,8/28/2017,Shipped,1,Port Harcourt
431541,152689 - Chidi Martin,8/10/1992,694.00," $3,470.00 "," $1,526.80 ",8/23/2017,8/28/2017,Shipped,4,Warri
376055,985245 - Ebenezer Graham,2/3/2003,67.00, $335.00 , $164.15 ,8/23/2017,8/27/2017,Shipped,4,Port Harcourt
254438,785432 - Chukwurah Emmanuel,12/20/2007,332.00," $1,660.00 ", $697.20 ,8/22/2017,8/27/2017,Shipped,5,Warri
621522,985245 - Ebenezer Graham,2/3/2003,60.00, $300.00 , $141.00 ,8/22/2017,8/26/2017,Shipped,5,Abuja
643757,152689 - Chidi Martin,8/10/1992,854.00," $4,270.00 "," $2,092.30 ",8/21/2017,8/26/2017,Shipped,2,Abuja
289827,325698 - Rusky Onu,4/21/1999,705.00," $3,525.00 "," $1,586.25 ",8/23/2017,8/25/2017,Shipped,4,Ekpoma
354235,985245 - Ebenezer Graham,2/3/2003,890.00," $4,450.00 "," $1,824.50 ",8/22/2017,8/25/2017,Shipped,5,Port Harcourt
760812,325698 - Rusky Onu,4/21/1999,717.00," $3,585.00 "," $1,720.80 ",8/22/2017,8/24/2017,Shipped,1,Port Harcourt
168287,985245 - Ebenezer Graham,2/3/2003,813.00," $4,065.00 "," $1,951.20 ",8/20/2017,8/24/2017,Shipped,4,Port Harcourt
XXXXXX,XXXXXX - Promo,3/26/1988,192.00, $960.00 , $432.00 ,8/21/2017,8/23/2017,Shipped,2,Port Harcourt
614479,325698 - Rusky Onu,4/21/1999,136.00, $680.00 , $272.00 ,8/21/2017,8/23/2017,Shipped,3,Port Harcourt
404823,325698 - Rusky Onu,4/21/1999,888.00," $4,440.00 "," $1,998.00 ",8/21/2017,8/23/2017,Shipped,1,Markurdi
134451,985245 - Ebenezer Graham,2/3/2003,168.00, $840.00 , $361.20 ,8/20/2017,8/23/2017,Shipped,4,Ekpoma
316175,152689 - Chidi Martin,8/10/1992,623.00," $3,115.00 "," $1,370.60 ",8/18/2017,8/23/2017,Shipped,5,Owerri
844220,152689 - Chidi Martin,8/10/1992,931.00," $4,655.00 "," $2,234.40 ",8/18/2017,8/23/2017,Shipped,4,Lekki
170598,325698 - Rusky Onu,4/21/1999,791.00," $3,955.00 "," $1,700.65 ",8/20/2017,8/22/2017,Shipped,5,Chibok
666910,325698 - Rusky Onu,4/21/1999,949.00," $4,745.00 "," $2,372.50 ",8/20/2017,8/22/2017,Shipped,2,Owerri
636552,152689 - Chidi Martin,8/10/1992,612.00," $3,060.00 "," $1,315.80 ",8/17/2017,8/22/2017,Shipped,4,Owerri
784583,325698 - Rusky Onu,4/21/1999,86.00, $430.00 , $176.30 ,8/19/2017,8/21/2017,Shipped,3,Lekki
422853,985245 - Ebenezer Graham,2/3/2003,705.00," $3,525.00 "," $1,692.00 ",8/17/2017,8/21/2017,Shipped,4,Ekpoma
957758,985245 - Ebenezer Graham,2/3/2003,882.00," $4,410.00 "," $1,852.20 ",8/17/2017,8/21/2017,Shipped,1,Owerri
353264,325698 - Rusky Onu,4/21/1999,83.00, $415.00 , $182.60 ,8/18/2017,8/20/2017,Shipped,1,Ekpoma
718485,785432 - Chukwurah Emmanuel,12/20/2007,294.00," $1,470.00 ", $705.60 ,8/15/2017,8/19/2017,Shipped,1,Port Harcourt
604637,452584 - Ujunwa Aisha,9/26/1989,697.00," $3,485.00 "," $1,463.70 ",8/16/2017,8/18/2017,Shipped,3,Markurdi
875175,325698 - Rusky Onu,4/21/1999,766.00," $3,830.00 "," $1,761.80 ",8/16/2017,8/18/2017,Shipped,1,Markurdi
446162,325698 - Rusky Onu,4/21/1999,570.00," $2,850.00 "," $1,368.00 ",8/16/2017,8/18/2017,Shipped,4,Ekpoma
239584,152689 - Chidi Martin,8/10/1992,900.00," $4,500.00 "," $2,160.00 ",8/13/2017,8/18/2017,Shipped,4,Lekki
683924,985245 - Ebenezer Graham,2/3/2003,279.00," $1,395.00 ", $641.70 ,8/13/2017,8/17/2017,Shipped,2,Port Harcourt
447395,325698 - Rusky Onu,4/21/1999,714.00," $3,570.00 "," $1,535.10 ",8/14/2017,8/16/2017,Shipped,5,Ekpoma
649229,785432 - Chukwurah Emmanuel,12/20/2007,363.00," $1,815.00 ", $834.90 ,8/11/2017,8/16/2017,Shipped,3,Markurdi
400758,785432 - Chukwurah Emmanuel,12/20/2007,967.00," $4,835.00 "," $2,175.75 ",8/11/2017,8/16/2017,Shipped,5,Lekki
799286,325698 - Rusky Onu,4/21/1999,175.00, $875.00 , $437.50 ,8/13/2017,8/15/2017,Shipped,1,Warri
604712,985245 - Ebenezer Graham,2/3/2003,799.00," $3,995.00 "," $1,677.90 ",8/11/2017,8/15/2017,Shipped,4,Lekki
443368,325698 - Rusky Onu,4/21/1999,803.00," $4,015.00 "," $1,927.20 ",8/12/2017,8/14/2017,Shipped,2,Surulere
989107,325698 - Rusky Onu,4/21/1999,737.00," $3,685.00 "," $1,768.80 ",8/12/2017,8/14/2017,Shipped,3,Warri
691871,325698 - Rusky Onu,4/21/1999,575.00," $2,875.00 "," $1,207.50 ",8/12/2017,8/14/2017,Shipped,4,Markurdi
545969,785432 - Chukwurah Emmanuel,12/20/2007,551.00," $2,755.00 "," $1,212.20 ",8/9/2017,8/14/2017,Shipped,5,Surulere
382063,152689 - Chidi Martin,8/10/1992,965.00," $4,825.00 "," $2,123.00 ",8/9/2017,8/14/2017,Shipped,3,Abuja
399502,325698 - Rusky Onu,4/21/1999,130.00, $650.00 , $325.00 ,8/11/2017,8/13/2017,Shipped,3,Owerri
752054,325698 - Rusky Onu,4/21/1999,91.00, $455.00 , $200.20 ,8/11/2017,8/13/2017,Shipped,3,Abuja
542589,985245 - Ebenezer Graham,2/3/2003,743.00," $3,715.00 "," $1,746.05 ",8/10/2017,8/13/2017,Shipped,4,Lekki
933720,985245 - Ebenezer Graham,2/3/2003,114.00, $570.00 , $250.80 ,8/8/2017,8/12/2017,Shipped,4,Abuja
348782,785432 - Chukwurah Emmanuel,12/20/2007,552.00," $2,760.00 "," $1,214.40 ",8/8/2017,8/12/2017,Shipped,1,Owerri
670668,785432 - Chukwurah Emmanuel,12/20/2007,451.00," $2,255.00 ", $947.10 ,8/8/2017,8/12/2017,Shipped,5,Zaria
521982,785432 - Chukwurah Emmanuel,12/20/2007,225.00," $1,125.00 ", $551.25 ,8/8/2017,8/12/2017,Shipped,1,Ekpoma
943720,152689 - Chidi Martin,8/10/1992,985.00," $4,925.00 "," $2,265.50 ",8/7/2017,8/12/2017,Shipped,2,Chibok
636547,985245 - Ebenezer Graham,2/3/2003,138.00, $690.00 , $282.90 ,8/7/2017,8/11/2017,Shipped,4,Warri
409179,785432 - Chukwurah Emmanuel,12/20/2007,925.00," $4,625.00 "," $2,127.50 ",8/5/2017,8/10/2017,Shipped,2,Abuja
913978,985245 - Ebenezer Graham,2/3/2003,672.00," $3,360.00 "," $1,680.00 ",8/5/2017,8/9/2017,Shipped,5,Abuja
694664,785432 - Chukwurah Emmanuel,12/20/2007,118.00, $590.00 , $271.40 ,8/4/2017,8/9/2017,Shipped,1,Surulere
219735,325698 - Rusky Onu,4/21/1999,995.00," $4,975.00 "," $2,388.00 ",8/6/2017,8/8/2017,Shipped,3,Ekpoma
288061,985245 - Ebenezer Graham,2/3/2003,371.00," $1,855.00 ", $908.95 ,8/4/2017,8/8/2017,Shipped,3,Ekpoma
904199,452584 - Ujunwa Aisha,9/26/1989,834.00," $4,170.00 "," $1,751.40 ",8/5/2017,8/7/2017,Shipped,1,Surulere
991596,325698 - Rusky Onu,4/21/1999,249.00," $1,245.00 ", $535.35 ,8/5/2017,8/7/2017,Shipped,5,Zaria
301044,985245 - Ebenezer Graham,2/3/2003,190.00, $950.00 , $389.50 ,8/3/2017,8/7/2017,Shipped,5,Ekpoma
404927,985245 - Ebenezer Graham,2/3/2003,721.00," $3,605.00 "," $1,694.35 ",8/3/2017,8/7/2017,Shipped,2,Surulere
543788,152689 - Chidi Martin,8/10/1992,231.00," $1,155.00 ", $496.65 ,8/2/2017,8/7/2017,Shipped,1,Zaria
670979,452584 - Ujunwa Aisha,9/26/1989,907.00," $4,535.00 "," $2,040.75 ",8/4/2017,8/6/2017,Shipped,3,Owerri
475400,325698 - Rusky Onu,4/21/1999,748.00," $3,740.00 "," $1,720.40 ",8/3/2017,8/6/2017,Shipped,3,Markurdi
713112,985245 - Ebenezer Graham,2/3/2003,982.00," $4,910.00 "," $2,405.90 ",8/3/2017,8/6/2017,Shipped,5,Abuja
193234,985245 - Ebenezer Graham,2/3/2003,458.00," $2,290.00 ", $984.70 ,8/2/2017,8/6/2017,Shipped,5,Zaria
641426,152689 - Chidi Martin,8/10/1992,52.00, $260.00 , $119.60 ,8/1/2017,8/6/2017,Shipped,3,Warri
344460,452584 - Ujunwa Aisha,9/26/1989,768.00," $3,840.00 "," $1,536.00 ",8/3/2017,8/5/2017,Shipped,2,Owerri
301493,325698 - Rusky Onu,4/21/1999,116.00, $580.00 , $266.80 ,8/3/2017,8/5/2017,Shipped,1,Chibok
173158,985245 - Ebenezer Graham,2/3/2003,439.00," $2,195.00 "," $1,097.50 ",7/31/2017,8/4/2017,Shipped,5,Owerri
428809,985245 - Ebenezer Graham,2/3/2003,408.00," $2,040.00 ", $836.40 ,7/31/2017,8/4/2017,Shipped,1,Lekki
841353,152689 - Chidi Martin,8/10/1992,527.00," $2,635.00 "," $1,212.10 ",7/30/2017,8/4/2017,Shipped,1,Owerri
783948,325698 - Rusky Onu,4/21/1999,697.00," $3,485.00 "," $1,603.10 ",8/1/2017,8/3/2017,Shipped,3,Warri
902239,152689 - Chidi Martin,8/10/1992,999.00," $4,995.00 "," $2,247.75 ",7/29/2017,8/3/2017,Shipped,2,Port Harcourt
225524,452584 - Ujunwa Aisha,9/26/1989,508.00," $2,540.00 "," $1,117.60 ",7/31/2017,8/2/2017,Shipped,1,Chibok
856398,325698 - Rusky Onu,4/21/1999,328.00," $1,640.00 ", $820.00 ,7/31/2017,8/2/2017,Shipped,4,Zaria
830359,152689 - Chidi Martin,8/10/1992,752.00," $3,760.00 "," $1,880.00 ",7/28/2017,8/2/2017,Shipped,4,Ekpoma
643192,985245 - Ebenezer Graham,2/3/2003,167.00, $835.00 , $400.80 ,7/28/2017,8/1/2017,Shipped,1,Chibok
925010,985245 - Ebenezer Graham,2/3/2003,290.00," $1,450.00 ", $623.50 ,7/27/2017,7/31/2017,Shipped,3,Abuja
503099,152689 - Chidi Martin,8/10/1992,366.00," $1,830.00 ", $878.40 ,7/25/2017,7/31/2017,Shipped,1,Markurdi
247706,152689 - Chidi Martin,8/10/1992,246.00," $1,230.00 ", $516.60 ,7/25/2017,7/30/2017,Shipped,4,Ekpoma
501436,325698 - Rusky Onu,4/21/1999,80.00, $400.00 , $168.00 ,7/27/2017,7/29/2017,Shipped,3,Warri
493341,985245 - Ebenezer Graham,2/3/2003,331.00," $1,655.00 ", $827.50 ,7/26/2017,7/29/2017,Shipped,1,Owerri
399796,325698 - Rusky Onu,4/21/1999,774.00," $3,870.00 "," $1,702.80 ",7/26/2017,7/28/2017,Shipped,5,Chibok
771753,985245 - Ebenezer Graham,2/3/2003,472.00," $2,360.00 "," $1,062.00 ",7/24/2017,7/28/2017,Shipped,3,Owerri
816130,785432 - Chukwurah Emmanuel,12/20/2007,497.00," $2,485.00 "," $1,093.40 ",7/23/2017,7/28/2017,Shipped,1,Ekpoma
178204,325698 - Rusky Onu,4/21/1999,492.00," $2,460.00 "," $1,033.20 ",7/24/2017,7/26/2017,Shipped,4,Zaria
956101,325698 - Rusky Onu,4/21/1999,267.00," $1,335.00 ", $614.10 ,7/24/2017,7/26/2017,Shipped,3,Port Harcourt
862008,785432 - Chukwurah Emmanuel,12/20/2007,883.00," $4,415.00 "," $2,030.90 ",7/22/2017,7/26/2017,Shipped,3,Chibok
585388,152689 - Chidi Martin,8/10/1992,798.00," $3,990.00 "," $1,596.00 ",7/21/2017,7/26/2017,Shipped,5,Abuja
575344,152689 - Chidi Martin,8/10/1992,439.00," $2,195.00 "," $1,097.50 ",7/21/2017,7/26/2017,Shipped,5,Lekki
321948,152689 - Chidi Martin,8/10/1992,305.00," $1,525.00 ", $701.50 ,7/21/2017,7/26/2017,Shipped,2,Markurdi
488596,985245 - Ebenezer Graham,2/3/2003,338.00," $1,690.00 ", $709.80 ,7/21/2017,7/25/2017,Shipped,4,Zaria
483172,785432 - Chukwurah Emmanuel,12/20/2007,960.00," $4,800.00 "," $2,304.00 ",7/20/2017,7/25/2017,Shipped,3,Chibok
216648,785432 - Chukwurah Emmanuel,12/20/2007,812.00," $4,060.00 "," $1,867.60 ",7/20/2017,7/25/2017,Shipped,2,Surulere
206597,152689 - Chidi Martin,8/10/1992,624.00," $3,120.00 "," $1,372.80 ",7/20/2017,7/25/2017,Shipped,2,Lekki
180091,985245 - Ebenezer Graham,2/3/2003,236.00," $1,180.00 ", $590.00 ,7/20/2017,7/24/2017,Shipped,5,Surulere
378488,452584 - Ujunwa Aisha,9/26/1989,329.00," $1,645.00 ", $707.35 ,7/21/2017,7/23/2017,Shipped,2,Markurdi
985634,452584 - Ujunwa Aisha,9/26/1989,793.00," $3,965.00 "," $1,744.60 ",7/21/2017,7/23/2017,Shipped,4,Warri
170559,325698 - Rusky Onu,4/21/1999,635.00," $3,175.00 "," $1,524.00 ",7/21/2017,7/23/2017,Shipped,2,Chibok
929419,785432 - Chukwurah Emmanuel,12/20/2007,825.00," $4,125.00 "," $1,815.00 ",7/18/2017,7/23/2017,Shipped,1,Abuja
434242,152689 - Chidi Martin,8/10/1992,580.00," $2,900.00 "," $1,305.00 ",7/18/2017,7/23/2017,Shipped,2,Warri
353071,452584 - Ujunwa Aisha,9/26/1989,773.00," $3,865.00 "," $1,893.85 ",7/20/2017,7/22/2017,Shipped,5,Zaria
888380,985245 - Ebenezer Graham,2/3/2003,481.00," $2,405.00 "," $1,178.45 ",7/18/2017,7/22/2017,Shipped,5,Chibok
498170,785432 - Chukwurah Emmanuel,12/20/2007,513.00," $2,565.00 "," $1,256.85 ",7/17/2017,7/22/2017,Shipped,4,Warri
730647,985245 - Ebenezer Graham,2/3/2003,276.00," $1,380.00 ", $552.00 ,7/17/2017,7/21/2017,Shipped,5,Markurdi
270158,785432 - Chukwurah Emmanuel,12/20/2007,690.00," $3,450.00 "," $1,690.50 ",7/17/2017,7/21/2017,Shipped,2,Ekpoma
332208,152689 - Chidi Martin,8/10/1992,516.00," $2,580.00 "," $1,161.00 ",7/16/2017,7/21/2017,Shipped,1,Zaria
356140,985245 - Ebenezer Graham,2/3/2003,74.00, $370.00 , $177.60 ,7/14/2017,7/18/2017,Shipped,1,Markurdi
420419,985245 - Ebenezer Graham,2/3/2003,263.00," $1,315.00 ", $591.75 ,7/14/2017,7/18/2017,Shipped,3,Zaria
594374,152689 - Chidi Martin,8/10/1992,494.00," $2,470.00 ", $988.00 ,7/11/2017,7/17/2017,Shipped,5,Markurdi
390065,785432 - Chukwurah Emmanuel,12/20/2007,386.00," $1,930.00 ", $926.40 ,7/11/2017,7/16/2017,Shipped,2,Markurdi
780820,152689 - Chidi Martin,8/10/1992,766.00," $3,830.00 "," $1,723.50 ",7/10/2017,7/15/2017,Shipped,4,Abuja
912602,985245 - Ebenezer Graham,2/3/2003,909.00," $4,545.00 "," $1,818.00 ",7/10/2017,7/14/2017,Shipped,1,Lekki
236591,152689 - Chidi Martin,8/10/1992,495.00," $2,475.00 "," $1,163.25 ",7/9/2017,7/14/2017,Shipped,3,Markurdi
721026,152689 - Chidi Martin,8/10/1992,168.00, $840.00 , $420.00 ,7/9/2017,7/14/2017,Shipped,5,Lekki
394929,325698 - Rusky Onu,4/21/1999,197.00, $985.00 , $453.10 ,7/11/2017,7/13/2017,Shipped,3,Port Harcourt
604236,325698 - Rusky Onu,4/21/1999,337.00," $1,685.00 ", $707.70 ,7/9/2017,7/12/2017,Shipped,2,Abuja
575636,985245 - Ebenezer Graham,2/3/2003,373.00," $1,865.00 ", $746.00 ,7/8/2017,7/12/2017,Shipped,1,Abuja
971373,452584 - Ujunwa Aisha,9/26/1989,931.00," $4,655.00 "," $2,094.75 ",7/9/2017,7/11/2017,Shipped,1,Markurdi
991506,325698 - Rusky Onu,4/21/1999,232.00," $1,160.00 ", $533.60 ,7/9/2017,7/11/2017,Shipped,3,Owerri
781165,325698 - Rusky Onu,4/21/1999,567.00," $2,835.00 "," $1,162.35 ",7/8/2017,7/10/2017,Shipped,5,Lekki
487916,452584 - Ujunwa Aisha,9/26/1989,508.00," $2,540.00 "," $1,168.40 ",7/7/2017,7/9/2017,Shipped,5,Markurdi
976082,325698 - Rusky Onu,4/21/1999,434.00," $2,170.00 ", $976.50 ,7/7/2017,7/9/2017,Shipped,2,Chibok
407642,325698 - Rusky Onu,4/21/1999,121.00, $605.00 , $260.15 ,7/6/2017,7/9/2017,Shipped,5,Surulere
901766,985245 - Ebenezer Graham,2/3/2003,545.00," $2,725.00 "," $1,090.00 ",7/5/2017,7/9/2017,Shipped,3,Lekki
596928,785432 - Chukwurah Emmanuel,12/20/2007,529.00," $2,645.00 "," $1,110.90 ",7/5/2017,7/9/2017,Shipped,5,Markurdi
577625,785432 - Chukwurah Emmanuel,12/20/2007,748.00," $3,740.00 "," $1,795.20 ",7/4/2017,7/9/2017,Shipped,5,Port Harcourt
269402,325698 - Rusky Onu,4/21/1999,353.00," $1,765.00 ", $829.55 ,7/5/2017,7/8/2017,Shipped,4,Surulere
185173,985245 - Ebenezer Graham,2/3/2003,247.00," $1,235.00 ", $555.75 ,7/3/2017,7/7/2017,Shipped,2,Warri
694018,985245 - Ebenezer Graham,2/3/2003,439.00," $2,195.00 "," $1,009.70 ",7/3/2017,7/7/2017,Shipped,3,Surulere
934023,985245 - Ebenezer Graham,2/3/2003,651.00," $3,255.00 "," $1,562.40 ",7/2/2017,7/6/2017,Shipped,4,Warri
450108,785432 - Chukwurah Emmanuel,12/20/2007,899.00," $4,495.00 "," $2,112.65 ",7/1/2017,7/6/2017,Shipped,5,Warri
XXXXXX,XXXXXX - Promo,4/2/2035,306.00," $1,530.00 ", $673.20 ,7/2/2017,7/4/2017,Shipped,1,Chibok
260033,985245 - Ebenezer Graham,2/3/2003,220.00," $1,100.00 ", $495.00 ,6/30/2017,7/4/2017,Shipped,5,Port Harcourt
410456,785432 - Chukwurah Emmanuel,12/20/2007,850.00," $4,250.00 "," $1,827.50 ",6/29/2017,7/4/2017,Shipped,1,Port Harcourt
243408,325698 - Rusky Onu,4/21/1999,479.00," $2,395.00 ", $958.00 ,7/1/2017,7/3/2017,Shipped,2,Abuja
472264,325698 - Rusky Onu,4/21/1999,420.00," $2,100.00 "," $1,029.00 ",6/30/2017,7/2/2017,Shipped,4,Abuja
376252,785432 - Chukwurah Emmanuel,12/20/2007,942.00," $4,710.00 "," $2,213.70 ",6/27/2017,7/2/2017,Shipped,4,Chibok
486537,452584 - Ujunwa Aisha,9/26/1989,659.00," $3,295.00 "," $1,318.00 ",6/29/2017,7/1/2017,Shipped,3,Owerri
635008,325698 - Rusky Onu,4/21/1999,351.00," $1,755.00 ", $789.75 ,6/29/2017,7/1/2017,Shipped,4,Warri
895772,152689 - Chidi Martin,8/10/1992,622.00," $3,110.00 "," $1,555.00 ",6/26/2017,7/1/2017,Shipped,1,Warri
337247,985245 - Ebenezer Graham,2/3/2003,476.00," $2,380.00 ", $952.00 ,6/27/2017,6/30/2017,Shipped,2,Lekki
546541,985245 - Ebenezer Graham,2/3/2003,231.00," $1,155.00 ", $531.30 ,6/26/2017,6/30/2017,Shipped,4,Markurdi
566248,785432 - Chukwurah Emmanuel,12/20/2007,132.00, $660.00 , $277.20 ,6/25/2017,6/30/2017,Shipped,2,Abuja
487675,452584 - Ujunwa Aisha,9/26/1989,986.00," $4,930.00 "," $2,317.10 ",6/27/2017,6/29/2017,Shipped,4,Abuja
315495,152689 - Chidi Martin,8/10/1992,310.00," $1,550.00 ", $759.50 ,6/24/2017,6/29/2017,Shipped,1,Chibok
753483,452584 - Ujunwa Aisha,9/26/1989,959.00," $4,795.00 "," $2,397.50 ",6/26/2017,6/28/2017,Shipped,3,Ekpoma
477132,325698 - Rusky Onu,4/21/1999,305.00," $1,525.00 ", $640.50 ,6/26/2017,6/28/2017,Shipped,2,Owerri
964261,985245 - Ebenezer Graham,2/3/2003,777.00," $3,885.00 "," $1,709.40 ",6/24/2017,6/28/2017,Shipped,2,Port Harcourt
151955,985245 - Ebenezer Graham,2/3/2003,907.00," $4,535.00 "," $1,859.35 ",6/24/2017,6/28/2017,Shipped,4,Chibok
503730,985245 - Ebenezer Graham,2/3/2003,131.00, $655.00 , $268.55 ,6/24/2017,6/28/2017,Shipped,4,Surulere
562846,785432 - Chukwurah Emmanuel,12/20/2007,971.00," $4,855.00 "," $2,233.30 ",6/23/2017,6/28/2017,Shipped,1,Ekpoma
939774,152689 - Chidi Martin,8/10/1992,786.00," $3,930.00 "," $1,689.90 ",6/23/2017,6/28/2017,Shipped,2,Zaria
696915,325698 - Rusky Onu,4/21/1999,140.00, $700.00 , $308.00 ,6/24/2017,6/27/2017,Shipped,4,Port Harcourt
686230,152689 - Chidi Martin,8/10/1992,418.00," $2,090.00 ", $940.50 ,6/22/2017,6/27/2017,Shipped,4,Owerri
840155,325698 - Rusky Onu,4/21/1999,393.00," $1,965.00 ", $786.00 ,6/24/2017,6/26/2017,Shipped,5,Zaria
616162,785432 - Chukwurah Emmanuel,12/20/2007,141.00, $705.00 , $310.20 ,6/22/2017,6/26/2017,Shipped,4,Surulere
474993,785432 - Chukwurah Emmanuel,12/20/2007,302.00," $1,510.00 ", $619.10 ,6/22/2017,6/26/2017,Shipped,2,Warri
144552,152689 - Chidi Martin,8/10/1992,292.00," $1,460.00 ", $584.00 ,6/21/2017,6/26/2017,Shipped,1,Markurdi
839382,325698 - Rusky Onu,4/21/1999,644.00," $3,220.00 "," $1,449.00 ",6/23/2017,6/25/2017,Shipped,1,Surulere
912936,325698 - Rusky Onu,4/21/1999,417.00," $2,085.00 ", $938.25 ,6/22/2017,6/25/2017,Shipped,3,Ekpoma
102733,985245 - Ebenezer Graham,2/3/2003,637.00," $3,185.00 "," $1,560.65 ",6/22/2017,6/25/2017,Shipped,5,Lekki
742624,985245 - Ebenezer Graham,2/3/2003,715.00," $3,575.00 "," $1,787.50 ",6/21/2017,6/25/2017,Shipped,3,Ekpoma
136952,785432 - Chukwurah Emmanuel,12/20/2007,429.00," $2,145.00 ", $900.90 ,6/20/2017,6/25/2017,Shipped,4,Port Harcourt
830715,325698 - Rusky Onu,4/21/1999,828.00," $4,140.00 "," $1,863.00 ",6/22/2017,6/24/2017,Shipped,5,Lekki
341804,325698 - Rusky Onu,4/21/1999,222.00," $1,110.00 ", $488.40 ,6/21/2017,6/24/2017,Shipped,1,Ekpoma
615150,152689 - Chidi Martin,8/10/1992,254.00," $1,270.00 ", $558.80 ,6/19/2017,6/24/2017,Shipped,4,Surulere
757592,452584 - Ujunwa Aisha,9/26/1989,970.00," $4,850.00 "," $2,085.50 ",6/20/2017,6/22/2017,Shipped,2,Zaria
866610,452584 - Ujunwa Aisha,9/26/1989,396.00," $1,980.00 ", $792.00 ,6/20/2017,6/22/2017,Shipped,1,Abuja
XXXXXX,XXXXXX - Promo,9/25/1992,166.00, $830.00 , $415.00 ,6/18/2017,6/20/2017,Shipped,4,Owerri
925259,325698 - Rusky Onu,4/21/1999,178.00, $890.00 , $427.20 ,6/18/2017,6/20/2017,Shipped,4,Lekki
272706,985245 - Ebenezer Graham,2/3/2003,687.00," $3,435.00 "," $1,408.35 ",6/16/2017,6/20/2017,Shipped,3,Ekpoma
857736,785432 - Chukwurah Emmanuel,12/20/2007,345.00," $1,725.00 ", $759.00 ,6/16/2017,6/20/2017,Shipped,4,Abuja
402025,785432 - Chukwurah Emmanuel,12/20/2007,785.00," $3,925.00 "," $1,766.25 ",6/16/2017,6/20/2017,Shipped,2,Port Harcourt
708338,325698 - Rusky Onu,4/21/1999,587.00," $2,935.00 "," $1,467.50 ",6/16/2017,6/18/2017,Shipped,5,Ekpoma
536483,325698 - Rusky Onu,4/21/1999,135.00, $675.00 , $303.75 ,6/16/2017,6/18/2017,Shipped,5,Abuja
893215,325698 - Rusky Onu,4/21/1999,253.00," $1,265.00 ", $569.25 ,6/16/2017,6/18/2017,Shipped,5,Abuja
938803,152689 - Chidi Martin,8/10/1992,420.00," $2,100.00 ", $966.00 ,6/12/2017,6/18/2017,Shipped,5,Markurdi
194870,785432 - Chukwurah Emmanuel,12/20/2007,131.00, $655.00 , $262.00 ,6/13/2017,6/17/2017,Shipped,4,Markurdi
249786,152689 - Chidi Martin,8/10/1992,590.00," $2,950.00 "," $1,445.50 ",6/12/2017,6/17/2017,Shipped,1,Owerri
696436,325698 - Rusky Onu,4/21/1999,453.00," $2,265.00 ", $973.95 ,6/14/2017,6/16/2017,Shipped,1,Abuja
961459,325698 - Rusky Onu,4/21/1999,277.00," $1,385.00 ", $609.40 ,6/14/2017,6/16/2017,Shipped,1,Lekki
173491,785432 - Chukwurah Emmanuel,12/20/2007,97.00, $485.00 , $208.55 ,6/11/2017,6/16/2017,Shipped,4,Port Harcourt
477394,452584 - Ujunwa Aisha,9/26/1989,186.00, $930.00 , $372.00 ,6/13/2017,6/15/2017,Shipped,1,Ekpoma
495527,325698 - Rusky Onu,4/21/1999,387.00," $1,935.00 ", $967.50 ,6/12/2017,6/15/2017,Shipped,5,Abuja
884417,985245 - Ebenezer Graham,2/3/2003,132.00, $660.00 , $264.00 ,6/11/2017,6/15/2017,Shipped,5,Warri
128203,985245 - Ebenezer Graham,2/3/2003,243.00," $1,215.00 ", $522.45 ,6/11/2017,6/15/2017,Shipped,3,Abuja
494950,152689 - Chidi Martin,8/10/1992,812.00," $4,060.00 "," $1,827.00 ",6/10/2017,6/15/2017,Shipped,4,Zaria
625541,152689 - Chidi Martin,8/10/1992,62.00, $310.00 , $130.20 ,6/10/2017,6/15/2017,Shipped,4,Zaria
647752,152689 - Chidi Martin,8/10/1992,582.00," $2,910.00 "," $1,222.20 ",6/10/2017,6/15/2017,Shipped,1,Warri
155258,785432 - Chukwurah Emmanuel,12/20/2007,797.00," $3,985.00 "," $1,992.50 ",6/10/2017,6/14/2017,Shipped,1,Zaria
482653,785432 - Chukwurah Emmanuel,12/20/2007,159.00, $795.00 , $341.85 ,6/10/2017,6/14/2017,Shipped,3,Chibok
848764,785432 - Chukwurah Emmanuel,12/20/2007,208.00," $1,040.00 ", $426.40 ,6/9/2017,6/14/2017,Shipped,3,Warri
467892,152689 - Chidi Martin,8/10/1992,544.00," $2,720.00 "," $1,278.40 ",6/9/2017,6/14/2017,Shipped,3,Port Harcourt
580665,325698 - Rusky Onu,4/21/1999,566.00," $2,830.00 "," $1,188.60 ",6/11/2017,6/13/2017,Shipped,5,Chibok
572070,985245 - Ebenezer Graham,2/3/2003,785.00," $3,925.00 "," $1,648.50 ",6/9/2017,6/13/2017,Shipped,3,Zaria
588248,325698 - Rusky Onu,4/21/1999,878.00," $4,390.00 "," $2,019.40 ",6/10/2017,6/12/2017,Shipped,5,Surulere
888796,985245 - Ebenezer Graham,2/3/2003,232.00," $1,160.00 ", $556.80 ,6/8/2017,6/12/2017,Shipped,1,Markurdi
154669,785432 - Chukwurah Emmanuel,12/20/2007,243.00," $1,215.00 ", $607.50 ,6/7/2017,6/12/2017,Shipped,1,Surulere
291222,452584 - Ujunwa Aisha,9/26/1989,62.00, $310.00 , $127.10 ,6/9/2017,6/11/2017,Shipped,4,Warri
469169,785432 - Chukwurah Emmanuel,12/20/2007,273.00," $1,365.00 ", $546.00 ,6/5/2017,6/10/2017,Shipped,2,Chibok
230238,985245 - Ebenezer Graham,2/3/2003,181.00, $905.00 , $452.50 ,6/5/2017,6/9/2017,Shipped,3,Zaria
285171,152689 - Chidi Martin,8/10/1992,426.00," $2,130.00 ", $894.60 ,6/4/2017,6/9/2017,Shipped,5,Zaria
812501,785432 - Chukwurah Emmanuel,12/20/2007,775.00," $3,875.00 "," $1,743.75 ",6/3/2017,6/8/2017,Shipped,2,Surulere
378786,985245 - Ebenezer Graham,2/3/2003,403.00," $2,015.00 ", $806.00 ,6/3/2017,6/7/2017,Shipped,4,Lekki
617806,985245 - Ebenezer Graham,2/3/2003,1000.00," $5,000.00 "," $2,400.00 ",6/3/2017,6/7/2017,Shipped,4,Markurdi
624654,325698 - Rusky Onu,4/21/1999,394.00," $1,970.00 ", $985.00 ,6/4/2017,6/6/2017,Shipped,1,Chibok
848626,985245 - Ebenezer Graham,2/3/2003,601.00," $3,005.00 "," $1,472.45 ",6/3/2017,6/6/2017,Shipped,4,Chibok
422150,985245 - Ebenezer Graham,2/3/2003,166.00, $830.00 , $398.40 ,6/2/2017,6/6/2017,Shipped,3,Warri
699402,152689 - Chidi Martin,8/10/1992,786.00," $3,930.00 "," $1,847.10 ",6/1/2017,6/6/2017,Shipped,1,Lekki
428224,985245 - Ebenezer Graham,2/3/2003,194.00, $970.00 , $426.80 ,6/1/2017,6/5/2017,Shipped,4,Ekpoma
176890,152689 - Chidi Martin,8/10/1992,700.00," $3,500.00 "," $1,750.00 ",5/31/2017,6/5/2017,Shipped,4,Abuja
284556,985245 - Ebenezer Graham,2/3/2003,132.00, $660.00 , $290.40 ,6/1/2017,6/4/2017,Shipped,4,Markurdi
987214,985245 - Ebenezer Graham,2/3/2003,856.00," $4,280.00 "," $2,054.40 ",6/1/2017,6/4/2017,Shipped,3,Surulere
613626,985245 - Michael Ephraim,6/3/2001,878.00," $4,390.00 "," $2,107.20 ",5/31/2017,6/4/2017,Shipped,5,Port Harcourt
845628,152689 - Chidi Martin,8/10/1992,354.00," $1,770.00 ", $814.20 ,5/30/2017,6/4/2017,Shipped,2,Markurdi
399376,325698 - Rusky Onu,4/21/1999,190.00, $950.00 , $446.50 ,5/31/2017,6/3/2017,Shipped,2,Abuja
345760,985245 - Ebenezer Graham,2/3/2003,220.00," $1,100.00 ", $517.00 ,5/31/2017,6/3/2017,Shipped,1,Markurdi
575213,985245 - Ebenezer Graham,2/3/2003,448.00," $2,240.00 "," $1,030.40 ",5/30/2017,6/2/2017,Shipped,5,Surulere
629460,325698 - Rusky Onu,4/21/1999,250.00," $1,250.00 ", $512.50 ,5/30/2017,6/1/2017,Shipped,5,Abuja
154222,325698 - Rusky Onu,4/21/1999,499.00," $2,495.00 "," $1,122.75 ",5/30/2017,6/1/2017,Shipped,3,Warri
771355,985245 - Ebenezer Graham,2/3/2003,697.00," $3,485.00 "," $1,568.25 ",5/28/2017,6/1/2017,Shipped,3,Surulere
148613,452584 - Ujunwa Aisha,9/26/1989,991.00," $4,955.00 "," $1,982.00 ",5/29/2017,5/31/2017,Shipped,1,Chibok
747181,985245 - Ebenezer Graham,2/3/2003,245.00," $1,225.00 ", $490.00 ,5/27/2017,5/31/2017,Shipped,1,Zaria
788212,785432 - Chukwurah Emmanuel,12/20/2007,115.00, $575.00 , $241.50 ,5/26/2017,5/31/2017,Shipped,5,Markurdi
584385,325698 - Rusky Onu,4/21/1999,747.00," $3,735.00 "," $1,830.15 ",5/28/2017,5/30/2017,Shipped,1,Chibok
179488,325698 - Rusky Onu,4/21/1999,738.00," $3,690.00 "," $1,734.30 ",5/28/2017,5/30/2017,Shipped,5,Markurdi
309433,785432 - Chukwurah Emmanuel,12/20/2007,834.00," $4,170.00 "," $1,793.10 ",5/25/2017,5/30/2017,Shipped,2,Zaria
XXXXXX,XXXXXX - Promo,12/21/2048,484.00," $2,420.00 ", $992.20 ,5/27/2017,5/29/2017,Shipped,2,Owerri
967716,985245 - Ebenezer Graham,2/3/2003,975.00," $4,875.00 "," $2,193.75 ",5/26/2017,5/29/2017,Shipped,3,Chibok
238041,985245 - Ebenezer Graham,2/3/2003,503.00," $2,515.00 "," $1,156.90 ",5/25/2017,5/29/2017,Shipped,5,Port Harcourt
469130,152689 - Chidi Martin,8/10/1992,705.00," $3,525.00 "," $1,621.50 ",5/24/2017,5/29/2017,Shipped,1,Zaria
681100,785432 - Chukwurah Emmanuel,12/20/2007,907.00," $4,535.00 "," $1,859.35 ",5/24/2017,5/28/2017,Shipped,5,Lekki
655144,152689 - Chidi Martin,8/10/1992,969.00," $4,845.00 "," $2,374.05 ",5/23/2017,5/28/2017,Shipped,5,Port Harcourt
695503,152689 - Chidi Martin,8/10/1992,470.00," $2,350.00 ", $963.50 ,5/23/2017,5/28/2017,Shipped,5,Port Harcourt
389320,152689 - Chidi Martin,8/10/1992,683.00," $3,415.00 "," $1,605.05 ",5/22/2017,5/27/2017,Shipped,3,Markurdi
277207,785432 - Chukwurah Emmanuel,12/20/2007,505.00," $2,525.00 "," $1,212.00 ",5/22/2017,5/26/2017,Shipped,1,Abuja
137316,785432 - Chukwurah Emmanuel,12/20/2007,366.00," $1,830.00 ", $896.70 ,5/21/2017,5/26/2017,Shipped,3,Owerri
783895,785432 - Chukwurah Emmanuel,12/20/2007,970.00," $4,850.00 "," $2,182.50 ",5/21/2017,5/26/2017,Shipped,5,Owerri
607546,985245 - Ebenezer Graham,2/3/2003,50.00, $250.00 , $100.00 ,5/22/2017,5/25/2017,Shipped,5,Port Harcourt
750072,785432 - Chukwurah Emmanuel,12/20/2007,233.00," $1,165.00 ", $570.85 ,5/20/2017,5/25/2017,Shipped,4,Abuja
553287,325698 - Rusky Onu,4/21/1999,826.00," $4,130.00 "," $1,982.40 ",5/22/2017,5/24/2017,Shipped,4,Zaria
830928,985245 - Ebenezer Graham,2/3/2003,868.00," $4,340.00 "," $1,996.40 ",5/19/2017,5/23/2017,Shipped,2,Ekpoma
880923,985245 - Ebenezer Graham,2/3/2003,361.00," $1,805.00 ", $812.25 ,5/18/2017,5/22/2017,Shipped,2,Owerri
865960,325698 - Rusky Onu,4/21/1999,381.00," $1,905.00 ", $819.15 ,5/19/2017,5/21/2017,Shipped,5,Zaria
106109,452584 - Ujunwa Aisha,9/26/1989,912.00," $4,560.00 "," $1,960.80 ",5/18/2017,5/20/2017,Shipped,3,Zaria
782086,325698 - Rusky Onu,4/21/1999,857.00," $4,285.00 "," $1,756.85 ",5/18/2017,5/20/2017,Shipped,3,Surulere
483728,325698 - Rusky Onu,4/21/1999,82.00, $410.00 , $184.50 ,5/18/2017,5/20/2017,Shipped,4,Port Harcourt
232445,785432 - Chukwurah Emmanuel,12/20/2007,807.00," $4,035.00 "," $1,654.35 ",5/16/2017,5/20/2017,Shipped,1,Abuja
533958,785432 - Chukwurah Emmanuel,12/20/2007,862.00," $4,310.00 "," $1,724.00 ",5/15/2017,5/20/2017,Shipped,5,Warri
643210,985245 - Ebenezer Graham,2/3/2003,716.00," $3,580.00 "," $1,646.80 ",5/16/2017,5/19/2017,Shipped,4,Zaria
639608,785432 - Chukwurah Emmanuel,12/20/2007,393.00," $1,965.00 ", $864.60 ,5/14/2017,5/19/2017,Shipped,5,Port Harcourt
551524,325698 - Rusky Onu,4/21/1999,368.00," $1,840.00 ", $846.40 ,5/16/2017,5/18/2017,Shipped,4,Chibok
620463,985245 - Ebenezer Graham,2/3/2003,128.00, $640.00 , $262.40 ,5/14/2017,5/18/2017,Shipped,1,Owerri
628259,785432 - Chukwurah Emmanuel,12/20/2007,250.00," $1,250.00 ", $562.50 ,5/14/2017,5/18/2017,Shipped,4,Markurdi
481717,785432 - Chukwurah Emmanuel,12/20/2007,67.00, $335.00 , $157.45 ,5/13/2017,5/18/2017,Shipped,3,Lekki
XXXXXX,XXXXXX - Promo,12/14/1993,558.00," $2,790.00 "," $1,367.10 ",5/15/2017,5/17/2017,Shipped,5,Markurdi
156097,325698 - Rusky Onu,4/21/1999,773.00," $3,865.00 "," $1,661.95 ",5/15/2017,5/17/2017,Shipped,2,Warri
606892,985245 - Ebenezer Graham,2/3/2003,95.00, $475.00 , $213.75 ,5/12/2017,5/16/2017,Shipped,3,Chibok
738774,452584 - Koko Alalibo,9/26/1979,474.00," $2,370.00 "," $1,185.00 ",5/13/2017,5/15/2017,Shipped,3,Zaria
616028,325698 - Rusky Onu,4/21/1999,660.00," $3,300.00 "," $1,551.00 ",5/10/2017,5/13/2017,Shipped,1,Abuja
488476,785432 - Chukwurah Emmanuel,12/20/2007,69.00, $345.00 , $155.25 ,5/7/2017,5/12/2017,Shipped,5,Zaria
982546,152689 - Chidi Martin,8/10/1992,145.00, $725.00 , $297.25 ,5/7/2017,5/12/2017,Shipped,1,Zaria
565152,325698 - Rusky Onu,4/21/1999,639.00," $3,195.00 "," $1,437.75 ",5/9/2017,5/11/2017,Shipped,1,Warri
851812,785432 - Chukwurah Emmanuel,12/20/2007,792.00," $3,960.00 "," $1,702.80 ",5/6/2017,5/11/2017,Shipped,2,Lekki
902323,985245 - Ebenezer Graham,2/3/2003,538.00," $2,690.00 "," $1,076.00 ",5/6/2017,5/10/2017,Shipped,3,Ekpoma
616594,325698 - Rusky Onu,4/21/1999,343.00," $1,715.00 ", $823.20 ,5/6/2017,5/8/2017,Shipped,4,Ekpoma
658720,325698 - Rusky Onu,4/21/1999,340.00," $1,700.00 ", $697.00 ,5/5/2017,5/8/2017,Shipped,4,Surulere
467899,152689 - Chidi Martin,8/10/1992,882.00," $4,410.00 "," $1,984.50 ",5/3/2017,5/8/2017,Shipped,4,Port Harcourt
180059,325698 - Rusky Onu,4/21/1999,676.00," $3,380.00 "," $1,656.20 ",5/5/2017,5/7/2017,Shipped,5,Chibok
809147,985245 - Ebenezer Graham,2/3/2003,449.00," $2,245.00 "," $1,055.15 ",5/3/2017,5/7/2017,Shipped,5,Lekki
596315,452584 - Ujunwa Aisha,9/26/1989,413.00," $2,065.00 ", $867.30 ,5/4/2017,5/6/2017,Shipped,2,Port Harcourt
639424,325698 - Rusky Onu,4/21/1999,378.00," $1,890.00 ", $907.20 ,5/4/2017,5/6/2017,Shipped,4,Zaria
520412,985245 - Ebenezer Graham,2/3/2003,472.00," $2,360.00 "," $1,180.00 ",5/1/2017,5/5/2017,Shipped,3,Chibok
940045,785432 - Chukwurah Emmanuel,12/20/2007,378.00," $1,890.00 ", $756.00 ,4/30/2017,5/5/2017,Shipped,2,Abuja
885208,785432 - Chukwurah Emmanuel,12/20/2007,585.00," $2,925.00 "," $1,199.25 ",4/30/2017,5/5/2017,Shipped,2,Markurdi
121495,152689 - Chidi Martin,8/10/1992,849.00," $4,245.00 "," $1,698.00 ",4/29/2017,5/4/2017,Shipped,5,Zaria
192456,152689 - Chidi Martin,8/10/1992,661.00," $3,305.00 "," $1,487.25 ",4/28/2017,5/3/2017,Shipped,5,Warri
859745,985245 - Ebenezer Graham,2/3/2003,250.00," $1,250.00 ", $600.00 ,4/28/2017,5/2/2017,Shipped,2,Port Harcourt
129242,325698 - Rusky Onu,4/21/1999,763.00," $3,815.00 "," $1,716.75 ",4/29/2017,5/1/2017,Shipped,5,Warri
853742,325698 - Rusky Onu,4/21/1999,804.00," $4,020.00 "," $1,969.80 ",4/28/2017,4/30/2017,Shipped,2,Surulere
366790,325698 - Rusky Onu,4/21/1999,641.00," $3,205.00 "," $1,442.25 ",4/28/2017,4/30/2017,Shipped,3,Owerri
186348,325698 - Rusky Onu,4/21/1999,769.00," $3,845.00 "," $1,614.90 ",4/26/2017,4/28/2017,Shipped,4,Markurdi
269802,985245 - Ebenezer Graham,2/3/2003,946.00," $4,730.00 "," $2,365.00 ",4/25/2017,4/28/2017,Shipped,2,Ekpoma
489288,985245 - Ebenezer Graham,2/3/2003,744.00," $3,720.00 "," $1,488.00 ",4/25/2017,4/28/2017,Shipped,5,Surulere
804322,785432 - Chukwurah Emmanuel,12/20/2007,427.00," $2,135.00 ", $918.05 ,4/23/2017,4/28/2017,Shipped,1,Zaria
961020,152689 - Chidi Martin,8/10/1992,88.00, $440.00 , $189.20 ,4/23/2017,4/28/2017,Shipped,5,Zaria
979225,325698 - Rusky Onu,4/21/1999,644.00," $3,220.00 "," $1,513.40 ",4/24/2017,4/27/2017,Shipped,2,Ekpoma
837243,785432 - Chukwurah Emmanuel,12/20/2007,84.00, $420.00 , $184.80 ,4/22/2017,4/27/2017,Shipped,3,Markurdi
423778,785432 - Chukwurah Emmanuel,12/20/2007,204.00," $1,020.00 ", $459.00 ,4/21/2017,4/26/2017,Shipped,2,Lekki
673648,985245 - Ebenezer Graham,2/3/2003,944.00," $4,720.00 "," $1,935.20 ",4/21/2017,4/25/2017,Shipped,4,Surulere
655972,152689 - Chidi Martin,8/10/1992,337.00," $1,685.00 ", $690.85 ,4/20/2017,4/25/2017,Shipped,3,Port Harcourt
112652,785432 - Chukwurah Emmanuel,12/20/2007,209.00," $1,045.00 ", $438.90 ,4/19/2017,4/24/2017,Shipped,4,Lekki
XXXXXX,XXXXXX - Promo,2/21/2061,975.00," $4,875.00 "," $2,291.25 ",4/21/2017,4/23/2017,Shipped,3,Surulere
626315,325698 - Rusky Onu,4/21/1999,681.00," $3,405.00 "," $1,362.00 ",4/20/2017,4/22/2017,Shipped,4,Markurdi
154390,152689 - Chidi Martin,8/10/1992,808.00," $4,040.00 "," $1,939.20 ",4/17/2017,4/22/2017,Shipped,4,Owerri
707965,152689 - Chidi Martin,8/10/1992,965.00," $4,825.00 "," $2,316.00 ",4/17/2017,4/22/2017,Shipped,4,Markurdi
918091,325698 - Rusky Onu,4/21/1999,890.00," $4,450.00 "," $1,824.50 ",4/19/2017,4/21/2017,Shipped,5,Port Harcourt
313423,152689 - Chidi Martin,8/10/1992,93.00, $465.00 , $209.25 ,4/16/2017,4/21/2017,Shipped,4,Zaria
835858,325698 - Rusky Onu,4/21/1999,341.00," $1,705.00 ", $733.15 ,4/18/2017,4/20/2017,Shipped,1,Zaria
432744,325698 - Rusky Onu,4/21/1999,610.00," $3,050.00 "," $1,311.50 ",4/18/2017,4/20/2017,Shipped,4,Abuja
995990,985245 - Ebenezer Graham,2/3/2003,355.00," $1,775.00 ", $763.25 ,4/17/2017,4/20/2017,Shipped,4,Chibok
419187,985245 - Ebenezer Graham,2/3/2003,765.00," $3,825.00 "," $1,530.00 ",4/16/2017,4/20/2017,Shipped,1,Markurdi
458555,325698 - Rusky Onu,4/21/1999,913.00," $4,565.00 "," $2,054.25 ",4/17/2017,4/19/2017,Shipped,1,Surulere
655007,785432 - Chukwurah Emmanuel,12/20/2007,72.00, $360.00 , $172.80 ,4/14/2017,4/19/2017,Shipped,2,Lekki
868035,325698 - Rusky Onu,4/21/1999,803.00," $4,015.00 "," $1,646.15 ",4/16/2017,4/18/2017,Shipped,4,Lekki
138529,785432 - Chukwurah Emmanuel,12/20/2007,186.00, $930.00 , $446.40 ,4/13/2017,4/18/2017,Shipped,5,Chibok
528987,152689 - Chidi Martin,8/10/1992,924.00," $4,620.00 "," $1,848.00 ",4/13/2017,4/18/2017,Shipped,1,Markurdi
893739,985245 - Ebenezer Graham,2/3/2003,844.00," $4,220.00 "," $1,814.60 ",4/13/2017,4/17/2017,Shipped,2,Chibok
877503,985245 - Ebenezer Graham,2/3/2003,253.00," $1,265.00 ", $569.25 ,4/13/2017,4/17/2017,Shipped,3,Chibok
526190,152689 - Chidi Martin,8/10/1992,552.00," $2,760.00 "," $1,104.00 ",4/12/2017,4/17/2017,Shipped,5,Surulere
774683,325698 - Rusky Onu,4/21/1999,519.00," $2,595.00 "," $1,245.60 ",4/13/2017,4/16/2017,Shipped,4,Ekpoma
898438,985245 - Ebenezer Graham,2/3/2003,148.00, $740.00 , $347.80 ,4/12/2017,4/16/2017,Shipped,3,Abuja
185774,785432 - Chukwurah Emmanuel,12/20/2007,132.00, $660.00 , $297.00 ,4/11/2017,4/16/2017,Shipped,4,Port Harcourt
816043,785432 - Chukwurah Emmanuel,12/20/2007,708.00," $3,540.00 "," $1,416.00 ",4/11/2017,4/16/2017,Shipped,2,Abuja
504287,152689 - Chidi Martin,8/10/1992,472.00," $2,360.00 "," $1,109.20 ",4/11/2017,4/16/2017,Shipped,1,Abuja
937490,325698 - Rusky Onu,4/21/1999,703.00," $3,515.00 "," $1,441.15 ",4/13/2017,4/15/2017,Shipped,2,Ekpoma
222901,325698 - Rusky Onu,4/21/1999,595.00," $2,975.00 "," $1,338.75 ",4/12/2017,4/14/2017,Shipped,5,Chibok
523012,985245 - Ebenezer Graham,2/3/2003,175.00, $875.00 , $350.00 ,4/11/2017,4/14/2017,Shipped,4,Owerri
939955,985245 - Ebenezer Graham,2/3/2003,597.00," $2,985.00 "," $1,432.80 ",4/10/2017,4/14/2017,Shipped,4,Warri
790529,785432 - Chukwurah Emmanuel,12/20/2007,69.00, $345.00 , $151.80 ,4/10/2017,4/14/2017,Shipped,1,Surulere
478150,785432 - Chukwurah Emmanuel,12/20/2007,509.00," $2,545.00 "," $1,247.05 ",4/9/2017,4/14/2017,Shipped,5,Zaria
764047,152689 - Chidi Martin,8/10/1992,254.00," $1,270.00 ", $584.20 ,4/9/2017,4/14/2017,Shipped,4,Owerri
940412,325698 - Rusky Onu,4/21/1999,665.00," $3,325.00 "," $1,463.00 ",4/11/2017,4/13/2017,Shipped,3,Warri
462799,985245 - Ebenezer Graham,2/3/2003,585.00," $2,925.00 "," $1,374.75 ",4/9/2017,4/13/2017,Shipped,3,Surulere
537312,325698 - Rusky Onu,4/21/1999,405.00," $2,025.00 "," $1,012.50 ",4/10/2017,4/12/2017,Shipped,3,Lekki
391973,152689 - Chidi Martin,8/10/1992,867.00," $4,335.00 "," $1,864.05 ",4/7/2017,4/12/2017,Shipped,4,Ekpoma
912554,152689 - Chidi Martin,8/10/1992,329.00," $1,645.00 ", $806.05 ,4/7/2017,4/12/2017,Shipped,2,Abuja
477646,452584 - Ujunwa Aisha,9/26/1989,100.00, $500.00 , $235.00 ,4/9/2017,4/11/2017,Shipped,4,Ekpoma
395145,325698 - Rusky Onu,4/21/1999,981.00," $4,905.00 "," $2,354.40 ",4/9/2017,4/11/2017,Shipped,4,Chibok
966247,785432 - Chukwurah Emmanuel,12/20/2007,325.00," $1,625.00 ", $780.00 ,4/7/2017,4/11/2017,Shipped,5,Ekpoma
798730,152689 - Chidi Martin,8/10/1992,827.00," $4,135.00 "," $2,026.15 ",4/6/2017,4/11/2017,Shipped,1,Port Harcourt
185400,452584 - Ujunwa Aisha,9/26/1989,475.00," $2,375.00 "," $1,068.75 ",4/8/2017,4/10/2017,Shipped,5,Lekki
205440,325698 - Rusky Onu,4/21/1999,390.00," $1,950.00 ", $780.00 ,4/8/2017,4/10/2017,Shipped,4,Owerri
918483,325698 - Rusky Onu,4/21/1999,761.00," $3,805.00 "," $1,712.25 ",4/7/2017,4/10/2017,Shipped,3,Surulere
608033,985245 - Ebenezer Graham,2/3/2003,866.00," $4,330.00 "," $2,078.40 ",4/6/2017,4/10/2017,Shipped,1,Warri
462275,325698 - Rusky Onu,4/21/1999,215.00," $1,075.00 ", $430.00 ,4/7/2017,4/9/2017,Shipped,5,Chibok
304388,152689 - Chidi Martin,8/10/1992,452.00," $2,260.00 ", $971.80 ,4/4/2017,4/9/2017,Shipped,1,Port Harcourt
732711,152689 - Chidi Martin,8/10/1992,491.00," $2,455.00 "," $1,104.75 ",4/4/2017,4/9/2017,Shipped,4,Port Harcourt
590182,985245 - Ebenezer Graham,2/3/2003,406.00," $2,030.00 ", $954.10 ,4/4/2017,4/8/2017,Shipped,4,Surulere
715793,152689 - Chidi Martin,8/10/1992,100.00, $500.00 , $240.00 ,4/3/2017,4/8/2017,Shipped,5,Chibok
981111,152689 - Chidi Martin,8/10/1992,306.00," $1,530.00 ", $765.00 ,4/2/2017,4/7/2017,Shipped,2,Zaria
153918,152689 - Chidi Martin,8/10/1992,888.00," $4,440.00 "," $1,998.00 ",4/1/2017,4/6/2017,Shipped,1,Port Harcourt
586845,325698 - Rusky Onu,4/21/1999,520.00," $2,600.00 "," $1,300.00 ",4/3/2017,4/5/2017,Shipped,2,Surulere
545150,325698 - Rusky Onu,4/21/1999,365.00," $1,825.00 ", $784.75 ,4/3/2017,4/5/2017,Shipped,4,Chibok
416670,985245 - Ebenezer Graham,2/3/2003,404.00," $2,020.00 ", $848.40 ,4/2/2017,4/5/2017,Shipped,4,Chibok
317616,152689 - Chidi Martin,8/10/1992,573.00," $2,865.00 "," $1,432.50 ",3/31/2017,4/5/2017,Shipped,1,Ekpoma
853782,785432 - Chukwurah Emmanuel,12/20/2007,193.00, $965.00 , $386.00 ,3/31/2017,4/4/2017,Shipped,2,Chibok
793259,785432 - Chukwurah Emmanuel,12/20/2007,151.00, $755.00 , $362.40 ,3/30/2017,4/4/2017,Shipped,4,Chibok
159909,152689 - Chidi Martin,8/10/1992,522.00," $2,610.00 "," $1,252.80 ",3/30/2017,4/4/2017,Shipped,3,Abuja
389357,152689 - Chidi Martin,8/10/1992,439.00," $2,195.00 "," $1,009.70 ",3/28/2017,4/3/2017,Shipped,2,Ekpoma
617277,325698 - Rusky Onu,4/21/1999,637.00," $3,185.00 "," $1,369.55 ",3/30/2017,4/1/2017,Shipped,3,Owerri
589280,785432 - Chukwurah Emmanuel,12/20/2007,645.00," $3,225.00 "," $1,483.50 ",3/27/2017,4/1/2017,Shipped,3,Owerri
538106,152689 - Chidi Martin,8/10/1992,282.00," $1,410.00 ", $634.50 ,3/26/2017,3/31/2017,Shipped,4,Ekpoma
XXXXXX,XXXXXX - Promo,12/16/2064,355.00," $1,775.00 ", $727.75 ,3/28/2017,3/30/2017,Shipped,1,Zaria
489709,325698 - Rusky Onu,4/21/1999,541.00," $2,705.00 "," $1,217.25 ",3/26/2017,3/28/2017,Shipped,3,Lekki
888049,325698 - Rusky Onu,4/21/1999,471.00," $2,355.00 "," $1,083.30 ",3/26/2017,3/28/2017,Shipped,2,Abuja
779061,985245 - Ebenezer Graham,2/3/2003,765.00," $3,825.00 "," $1,721.25 ",3/25/2017,3/28/2017,Shipped,4,Surulere
814534,785432 - Chukwurah Emmanuel,12/20/2007,413.00," $2,065.00 ", $991.20 ,3/23/2017,3/28/2017,Shipped,4,Chibok
491863,325698 - Rusky Onu,4/21/1999,385.00," $1,925.00 ", $885.50 ,3/25/2017,3/27/2017,Shipped,5,Owerri
275621,985245 - Ebenezer Graham,2/3/2003,93.00, $465.00 , $223.20 ,3/23/2017,3/27/2017,Shipped,2,Ekpoma
721003,152689 - Chidi Martin,8/10/1992,279.00," $1,395.00 ", $641.70 ,3/22/2017,3/27/2017,Shipped,5,Surulere
522753,325698 - Rusky Onu,4/21/1999,491.00," $2,455.00 "," $1,031.10 ",3/24/2017,3/26/2017,Shipped,3,Surulere
795978,785432 - Chukwurah Emmanuel,12/20/2007,275.00," $1,375.00 ", $550.00 ,3/20/2017,3/24/2017,Shipped,2,Warri
995178,785432 - Chukwurah Emmanuel,12/20/2007,93.00, $465.00 , $190.65 ,3/20/2017,3/24/2017,Shipped,3,Chibok
999861,452584 - Ujunwa Aisha,9/26/1989,457.00," $2,285.00 ", $914.00 ,3/20/2017,3/22/2017,Shipped,4,Ekpoma
202526,325698 - Rusky Onu,4/21/1999,827.00," $4,135.00 "," $1,736.70 ",3/20/2017,3/22/2017,Shipped,3,Markurdi
535906,152689 - Chidi Martin,8/10/1992,382.00," $1,910.00 ", $935.90 ,3/17/2017,3/22/2017,Shipped,2,Owerri
296801,325698 - Rusky Onu,4/21/1999,641.00," $3,205.00 "," $1,378.15 ",3/19/2017,3/21/2017,Shipped,3,Ekpoma
108422,985245 - Ebenezer Graham,2/3/2003,708.00," $3,540.00 "," $1,486.80 ",3/17/2017,3/21/2017,Shipped,1,Port Harcourt
298663,785432 - Chukwurah Emmanuel,12/20/2007,367.00," $1,835.00 ", $862.45 ,3/16/2017,3/21/2017,Shipped,5,Lekki
865663,325698 - Rusky Onu,4/21/1999,61.00, $305.00 , $149.45 ,3/18/2017,3/20/2017,Shipped,2,Owerri
814713,325698 - Rusky Onu,4/21/1999,885.00," $4,425.00 "," $2,035.50 ",3/17/2017,3/19/2017,Shipped,5,Abuja
122076,325698 - Rusky Onu,4/21/1999,881.00," $4,405.00 "," $1,938.20 ",3/16/2017,3/19/2017,Shipped,5,Markurdi
248156,325698 - Rusky Onu,4/21/1999,62.00, $310.00 , $148.80 ,3/16/2017,3/18/2017,Shipped,4,Surulere
854170,785432 - Chukwurah Emmanuel,12/20/2007,138.00, $690.00 , $282.90 ,3/14/2017,3/18/2017,Shipped,5,Owerri
220974,985245 - Ebenezer Graham,2/3/2003,934.00," $4,670.00 "," $1,868.00 ",3/13/2017,3/17/2017,Shipped,4,Markurdi
401920,785432 - Chukwurah Emmanuel,12/20/2007,927.00," $4,635.00 "," $2,132.10 ",3/13/2017,3/17/2017,Shipped,2,Port Harcourt
959057,785432 - Chukwurah Emmanuel,12/20/2007,440.00," $2,200.00 "," $1,078.00 ",3/12/2017,3/17/2017,Shipped,3,Owerri
406257,152689 - Chidi Martin,8/10/1992,672.00," $3,360.00 "," $1,344.00 ",3/12/2017,3/17/2017,Shipped,2,Chibok
550193,325698 - Rusky Onu,4/21/1999,611.00," $3,055.00 "," $1,283.10 ",3/14/2017,3/16/2017,Shipped,5,Abuja
807995,325698 - Rusky Onu,4/21/1999,788.00," $3,940.00 "," $1,851.80 ",3/13/2017,3/16/2017,Shipped,1,Warri
333045,985245 - Ebenezer Graham,2/3/2003,292.00," $1,460.00 ", $700.80 ,3/11/2017,3/15/2017,Shipped,2,Zaria
755329,785432 - Chukwurah Emmanuel,12/20/2007,268.00," $1,340.00 ", $549.40 ,3/10/2017,3/15/2017,Shipped,4,Zaria
674029,785432 - Chukwurah Emmanuel,12/20/2007,463.00," $2,315.00 "," $1,088.05 ",3/10/2017,3/15/2017,Shipped,1,Surulere
946054,152689 - Chidi Martin,8/10/1992,775.00," $3,875.00 "," $1,937.50 ",3/10/2017,3/15/2017,Shipped,2,Markurdi
973867,985245 - Ebenezer Graham,2/3/2003,930.00," $4,650.00 "," $2,139.00 ",3/9/2017,3/13/2017,Shipped,3,Surulere
229365,785432 - Chukwurah Emmanuel,12/20/2007,439.00," $2,195.00 "," $1,053.60 ",3/8/2017,3/13/2017,Shipped,5,Zaria
980515,152689 - Chidi Martin,8/10/1992,996.00," $4,980.00 "," $2,390.40 ",3/8/2017,3/13/2017,Shipped,3,Markurdi
106744,325698 - Rusky Onu,4/21/1999,670.00," $3,350.00 "," $1,675.00 ",3/10/2017,3/12/2017,Shipped,5,Abuja
105310,325698 - Rusky Onu,4/21/1999,178.00, $890.00 , $364.90 ,3/10/2017,3/12/2017,Shipped,3,Surulere
585917,785432 - Chukwurah Emmanuel,12/20/2007,249.00," $1,245.00 ", $622.50 ,3/8/2017,3/12/2017,Shipped,1,Port Harcourt
263404,985245 - Ebenezer Graham,2/3/2003,381.00," $1,905.00 ", $819.15 ,3/7/2017,3/11/2017,Shipped,2,Surulere
865416,152689 - Chidi Martin,8/10/1992,191.00, $955.00 , $401.10 ,3/6/2017,3/11/2017,Shipped,4,Lekki
379239,985245 - Ebenezer Graham,2/3/2003,788.00," $3,940.00 "," $1,733.60 ",3/6/2017,3/10/2017,Shipped,1,Lekki
264860,785432 - Chukwurah Emmanuel,12/20/2007,211.00," $1,055.00 ", $506.40 ,3/6/2017,3/10/2017,Shipped,4,Port Harcourt
642418,152689 - Chidi Martin,8/10/1992,740.00," $3,700.00 "," $1,813.00 ",3/5/2017,3/10/2017,Shipped,3,Zaria
323405,325698 - Rusky Onu,4/21/1999,408.00," $2,040.00 ", $979.20 ,3/5/2017,3/8/2017,Shipped,2,Owerri
852937,325698 - Rusky Onu,4/21/1999,801.00," $4,005.00 "," $1,722.15 ",3/5/2017,3/8/2017,Shipped,4,Zaria
332480,452584 - Ujunwa Aisha,9/26/1989,658.00," $3,290.00 "," $1,381.80 ",3/5/2017,3/7/2017,Shipped,3,Ekpoma
263600,325698 - Rusky Onu,4/21/1999,779.00," $3,895.00 "," $1,752.75 ",3/5/2017,3/7/2017,Shipped,2,Port Harcourt
419602,325698 - Rusky Onu,4/21/1999,583.00," $2,915.00 "," $1,370.05 ",3/4/2017,3/7/2017,Shipped,4,Ekpoma
609848,785432 - Chukwurah Emmanuel,12/20/2007,159.00, $795.00 , $397.50 ,3/1/2017,3/6/2017,Shipped,2,Port Harcourt
411716,325698 - Rusky Onu,4/21/1999,104.00, $520.00 , $239.20 ,3/3/2017,3/5/2017,Shipped,5,Abuja
182712,985245 - Ebenezer Graham,2/3/2003,561.00," $2,805.00 "," $1,234.20 ",3/1/2017,3/4/2017,Shipped,1,Chibok
475703,152689 - Chidi Martin,8/10/1992,692.00," $3,460.00 "," $1,418.60 ",2/27/2017,3/4/2017,Shipped,2,Warri
822370,325698 - Rusky Onu,4/21/1999,425.00," $2,125.00 ", $871.25 ,3/1/2017,3/3/2017,Shipped,4,Port Harcourt
586383,325698 - Rusky Onu,4/21/1999,437.00," $2,185.00 ", $874.00 ,3/1/2017,3/3/2017,Shipped,5,Abuja
498284,985245 - Ebenezer Graham,2/3/2003,235.00," $1,175.00 ", $575.75 ,2/28/2017,3/3/2017,Shipped,1,Ekpoma
242610,985245 - Ebenezer Graham,2/3/2003,113.00, $565.00 , $231.65 ,2/27/2017,3/3/2017,Shipped,1,Markurdi
893340,985245 - Ebenezer Graham,2/3/2003,878.00," $4,390.00 "," $1,887.70 ",2/27/2017,3/3/2017,Shipped,4,Surulere
429018,152689 - Chidi Martin,8/10/1992,919.00," $4,595.00 "," $1,838.00 ",2/26/2017,3/3/2017,Shipped,1,Abuja
845175,985245 - Ebenezer Graham,2/3/2003,261.00," $1,305.00 ", $613.35 ,2/26/2017,3/2/2017,Shipped,1,Zaria
650612,152689 - Chidi Martin,8/10/1992,244.00," $1,220.00 ", $524.60 ,2/24/2017,3/1/2017,Shipped,3,Port Harcourt
100049,152689 - Chidi Martin,8/10/1992,402.00," $2,010.00 ", $864.30 ,2/24/2017,3/1/2017,Shipped,2,Markurdi
451547,985245 - Ebenezer Graham,2/3/2003,486.00," $2,430.00 ", $996.30 ,2/23/2017,2/27/2017,Shipped,4,Port Harcourt
967460,785432 - Chukwurah Emmanuel,12/20/2007,615.00," $3,075.00 "," $1,230.00 ",2/22/2017,2/27/2017,Shipped,4,Surulere
900191,325698 - Rusky Onu,4/21/1999,809.00," $4,045.00 "," $1,779.80 ",2/24/2017,2/26/2017,Shipped,4,Port Harcourt
477078,985245 - Ebenezer Graham,2/3/2003,641.00," $3,205.00 "," $1,538.40 ",2/22/2017,2/26/2017,Shipped,3,Ekpoma
388600,785432 - Chukwurah Emmanuel,12/20/2007,601.00," $3,005.00 "," $1,442.40 ",2/22/2017,2/26/2017,Shipped,4,Markurdi
534745,152689 - Chidi Martin,8/10/1992,208.00," $1,040.00 ", $426.40 ,2/20/2017,2/25/2017,Shipped,2,Lekki
415494,325698 - Rusky Onu,4/21/1999,235.00," $1,175.00 ", $470.00 ,2/22/2017,2/24/2017,Shipped,3,Markurdi
608731,985245 - Ebenezer Graham,2/3/2003,569.00," $2,845.00 "," $1,194.90 ",2/19/2017,2/23/2017,Shipped,2,Markurdi
850270,152689 - Chidi Martin,8/10/1992,107.00, $535.00 , $214.00 ,2/18/2017,2/23/2017,Shipped,4,Owerri
715297,152689 - Chidi Martin,8/10/1992,383.00," $1,915.00 ", $785.15 ,2/18/2017,2/23/2017,Shipped,5,Lekki
891869,785432 - Chukwurah Emmanuel,12/20/2007,195.00, $975.00 , $399.75 ,2/18/2017,2/22/2017,Shipped,3,Zaria
656358,985245 - Ebenezer Graham,2/3/2003,675.00," $3,375.00 "," $1,518.75 ",2/17/2017,2/21/2017,Shipped,1,Port Harcourt
588884,785432 - Chukwurah Emmanuel,12/20/2007,667.00," $3,335.00 "," $1,600.80 ",2/17/2017,2/21/2017,Shipped,1,Owerri
922998,325698 - Rusky Onu,4/21/1999,194.00, $970.00 , $388.00 ,2/17/2017,2/19/2017,Shipped,2,Port Harcourt
149630,152689 - Chidi Martin,8/10/1992,887.00," $4,435.00 "," $2,173.15 ",2/14/2017,2/19/2017,Shipped,2,Owerri
243417,325698 - Rusky Onu,4/21/1999,914.00," $4,570.00 "," $1,828.00 ",2/16/2017,2/18/2017,Shipped,4,Warri
329688,985245 - Ebenezer Graham,2/3/2003,415.00," $2,075.00 ", $933.75 ,2/14/2017,2/18/2017,Shipped,5,Ekpoma
296492,785432 - Chukwurah Emmanuel,12/20/2007,826.00," $4,130.00 "," $2,023.70 ",2/14/2017,2/18/2017,Shipped,2,Lekki
802249,325698 - Rusky Onu,4/21/1999,535.00," $2,675.00 "," $1,177.00 ",2/15/2017,2/17/2017,Shipped,4,Ekpoma
981201,785432 - Chukwurah Emmanuel,12/20/2007,500.00," $2,500.00 "," $1,025.00 ",2/12/2017,2/17/2017,Shipped,5,Ekpoma
916186,152689 - Chidi Martin,8/10/1992,154.00, $770.00 , $315.70 ,2/11/2017,2/17/2017,Shipped,1,Chibok
711118,325698 - Rusky Onu,4/21/1999,342.00," $1,710.00 ", $786.60 ,2/14/2017,2/16/2017,Shipped,3,Ekpoma
594808,985245 - Ebenezer Graham,2/3/2003,577.00," $2,885.00 "," $1,298.25 ",2/12/2017,2/16/2017,Shipped,4,Surulere
882457,325698 - Rusky Onu,4/21/1999,832.00," $4,160.00 "," $2,080.00 ",2/11/2017,2/13/2017,Shipped,2,Ekpoma
597664,985245 - Ebenezer Graham,2/3/2003,845.00," $4,225.00 "," $2,112.50 ",2/9/2017,2/13/2017,Shipped,4,Chibok
466667,152689 - Chidi Martin,8/10/1992,602.00," $3,010.00 "," $1,204.00 ",2/8/2017,2/13/2017,Shipped,3,Zaria
888053,152689 - Chidi Martin,8/10/1992,531.00," $2,655.00 "," $1,247.85 ",2/7/2017,2/12/2017,Shipped,3,Abuja
887024,985245 - Ebenezer Graham,2/3/2003,237.00," $1,185.00 ", $497.70 ,2/8/2017,2/11/2017,Shipped,3,Abuja
393761,985245 - Ebenezer Graham,2/3/2003,859.00," $4,295.00 "," $1,718.00 ",2/7/2017,2/11/2017,Shipped,1,Port Harcourt
572130,325698 - Rusky Onu,4/21/1999,741.00," $3,705.00 "," $1,741.35 ",2/8/2017,2/10/2017,Shipped,2,Surulere
107998,325698 - Rusky Onu,4/21/1999,244.00," $1,220.00 ", $524.60 ,2/8/2017,2/10/2017,Shipped,5,Warri
360419,325698 - Rusky Onu,4/21/1999,690.00," $3,450.00 "," $1,449.00 ",2/8/2017,2/10/2017,Shipped,1,Ekpoma
483934,785432 - Chukwurah Emmanuel,12/20/2007,154.00, $770.00 , $315.70 ,2/6/2017,2/10/2017,Shipped,4,Abuja
426748,325698 - Rusky Onu,4/21/1999,402.00," $2,010.00 ", $904.50 ,2/6/2017,2/9/2017,Shipped,2,Owerri
398441,985245 - Ebenezer Graham,2/3/2003,102.00, $510.00 , $219.30 ,2/6/2017,2/9/2017,Shipped,2,Owerri
778316,152689 - Chidi Martin,8/10/1992,77.00, $385.00 , $184.80 ,2/4/2017,2/9/2017,Shipped,3,Ekpoma
816358,152689 - Chidi Martin,8/10/1992,988.00," $4,940.00 "," $2,074.80 ",2/4/2017,2/9/2017,Shipped,5,Surulere
561843,785432 - Chukwurah Emmanuel,12/20/2007,606.00," $3,030.00 "," $1,484.70 ",2/3/2017,2/8/2017,Shipped,3,Chibok
100883,325698 - Rusky Onu,4/21/1999,904.00," $4,520.00 "," $2,079.20 ",2/5/2017,2/7/2017,Shipped,5,Zaria
657335,985245 - Ebenezer Graham,2/3/2003,408.00," $2,040.00 ", $999.60 ,2/3/2017,2/7/2017,Shipped,4,Zaria
467347,785432 - Sola Princewill,12/20/2002,538.00," $2,690.00 "," $1,102.90 ",2/3/2017,2/7/2017,Shipped,1,Markurdi
574844,325698 - Rusky Onu,4/21/1999,145.00, $725.00 , $355.25 ,2/4/2017,2/6/2017,Shipped,2,Chibok
373393,985245 - Ebenezer Graham,2/3/2003,624.00," $3,120.00 "," $1,248.00 ",2/2/2017,2/6/2017,Shipped,4,Markurdi
XXXXXX,XXXXXX - Promo,6/23/2072,602.00," $3,010.00 "," $1,384.60 ",2/3/2017,2/5/2017,Shipped,5,Ekpoma
111160,985245 - Ebenezer Graham,2/3/2003,720.00," $3,600.00 "," $1,728.00 ",2/1/2017,2/5/2017,Shipped,3,Abuja
623274,325698 - Rusky Onu,4/21/1999,957.00," $4,785.00 "," $2,057.55 ",2/2/2017,2/4/2017,Shipped,5,Abuja
803158,985245 - Ebenezer Graham,2/3/2003,436.00," $2,180.00 "," $1,002.80 ",2/1/2017,2/4/2017,Shipped,3,Port Harcourt
500142,325698 - Rusky Onu,4/21/1999,83.00, $415.00 , $195.05 ,2/1/2017,2/3/2017,Shipped,4,Owerri
946257,325698 - Rusky Onu,4/21/1999,749.00," $3,745.00 "," $1,535.45 ",1/31/2017,2/3/2017,Shipped,2,Abuja
718795,152689 - Chidi Martin,8/10/1992,692.00," $3,460.00 "," $1,418.60 ",1/29/2017,2/3/2017,Shipped,1,Chibok
579421,325698 - Rusky Onu,4/21/1999,305.00," $1,525.00 ", $747.25 ,1/30/2017,2/2/2017,Shipped,4,Ekpoma
511387,152689 - Chidi Martin,8/10/1992,824.00," $4,120.00 "," $1,854.00 ",1/28/2017,2/2/2017,Shipped,4,Warri
781517,325698 - Rusky Onu,4/21/1999,171.00, $855.00 , $418.95 ,1/30/2017,2/1/2017,Shipped,4,Ekpoma
707730,785432 - Chukwurah Emmanuel,12/20/2007,588.00," $2,940.00 "," $1,411.20 ",1/28/2017,2/1/2017,Shipped,4,Lekki
212191,152689 - Chidi Martin,8/10/1992,492.00," $2,460.00 "," $1,131.60 ",1/27/2017,2/1/2017,Shipped,3,Chibok
907719,152689 - Chidi Martin,8/10/1992,408.00," $2,040.00 ", $897.60 ,1/26/2017,1/31/2017,Shipped,4,Chibok
341458,152689 - Chidi Martin,8/10/1992,366.00," $1,830.00 ", $750.30 ,1/25/2017,1/30/2017,Shipped,5,Abuja
691990,985245 - Michael Ephraim,6/3/2001,60.00, $300.00 , $147.00 ,1/25/2017,1/29/2017,Shipped,2,Abuja
440213,985245 - Ebenezer Graham,2/3/2003,241.00," $1,205.00 ", $518.15 ,1/24/2017,1/28/2017,Shipped,2,Abuja
XXXXXX,XXXXXX - Promo,4/17/2076,856.00," $4,280.00 "," $1,797.60 ",1/24/2017,1/26/2017,Shipped,4,Markurdi
110057,325698 - Rusky Onu,4/21/1999,382.00," $1,910.00 ", $764.00 ,1/24/2017,1/26/2017,Shipped,4,Lekki
307926,985245 - Ebenezer Graham,2/3/2003,587.00," $2,935.00 "," $1,438.15 ",1/22/2017,1/26/2017,Shipped,2,Markurdi
272875,152689 - Chidi Martin,8/10/1992,181.00, $905.00 , $452.50 ,1/21/2017,1/26/2017,Shipped,5,Chibok
756865,985245 - Ebenezer Graham,2/3/2003,225.00," $1,125.00 ", $483.75 ,1/22/2017,1/25/2017,Shipped,1,Markurdi
271912,785432 - Chukwurah Emmanuel,12/20/2007,491.00," $2,455.00 "," $1,202.95 ",1/21/2017,1/25/2017,Shipped,1,Markurdi
718417,152689 - Chidi Martin,8/10/1992,175.00, $875.00 , $367.50 ,1/20/2017,1/25/2017,Shipped,3,Markurdi
880376,325698 - Rusky Onu,4/21/1999,567.00," $2,835.00 "," $1,332.45 ",1/22/2017,1/24/2017,Shipped,1,Ekpoma
269119,785432 - Sola Princewill,12/20/2002,162.00, $810.00 , $372.60 ,1/20/2017,1/24/2017,Shipped,4,Abuja
582146,985245 - Ebenezer Graham,2/3/2003,327.00," $1,635.00 ", $670.35 ,1/19/2017,1/23/2017,Shipped,2,Surulere
872577,785432 - Sola Princewill,12/20/2002,270.00," $1,350.00 ", $648.00 ,1/18/2017,1/23/2017,Shipped,4,Surulere
828647,985245 - Ebenezer Graham,2/3/2003,726.00," $3,630.00 "," $1,524.60 ",1/19/2017,1/22/2017,Shipped,4,Warri
438138,785432 - Sola Princewill,12/20/2002,777.00," $3,885.00 "," $1,787.10 ",1/17/2017,1/22/2017,Shipped,3,Lekki
149034,152689 - Chidi Martin,8/10/1992,966.00," $4,830.00 "," $2,173.50 ",1/17/2017,1/22/2017,Shipped,3,Chibok
850973,325698 - Rusky Onu,4/21/1999,662.00," $3,310.00 "," $1,324.00 ",1/19/2017,1/21/2017,Shipped,2,Zaria
904869,785432 - Sola Princewill,12/20/2002,314.00," $1,570.00 ", $706.50 ,1/17/2017,1/21/2017,Shipped,3,Warri
602579,325698 - Rusky Onu,4/21/1999,672.00," $3,360.00 "," $1,646.40 ",1/17/2017,1/20/2017,Shipped,2,Lekki
202480,985245 - Michael Ephraim,6/3/2001,342.00," $1,710.00 ", $820.80 ,1/15/2017,1/19/2017,Shipped,5,Warri
177222,152689 - Chidi Martin,8/10/1992,327.00," $1,635.00 ", $768.45 ,1/14/2017,1/19/2017,Shipped,3,Ekpoma
488185,325698 - Rusky Onu,4/21/1999,912.00," $4,560.00 "," $2,006.40 ",1/16/2017,1/18/2017,Shipped,3,Port Harcourt
596975,152689 - Chidi Martin,8/10/1992,500.00," $2,500.00 "," $1,250.00 ",1/13/2017,1/18/2017,Shipped,5,Chibok
750401,985245 - Ebenezer Graham,2/3/2003,209.00," $1,045.00 ", $438.90 ,1/13/2017,1/17/2017,Shipped,4,Surulere
122057,152689 - Chidi Martin,8/10/1992,99.00, $495.00 , $202.95 ,1/11/2017,1/16/2017,Shipped,4,Lekki
702385,325698 - Rusky Onu,4/21/1999,201.00," $1,005.00 ", $432.15 ,1/12/2017,1/14/2017,Shipped,5,Chibok
126797,985245 - Ebenezer Graham,2/3/2003,642.00," $3,210.00 "," $1,508.70 ",1/10/2017,1/13/2017,Shipped,1,Markurdi
460415,785432 - Sola Princewill,12/20/2002,584.00," $2,920.00 "," $1,314.00 ",1/8/2017,1/12/2017,Shipped,4,Warri
XXXXXX,XXXXXX - Promo,2/18/2089,414.00," $2,070.00 ", $931.50 ,1/9/2017,1/11/2017,Shipped,4,Surulere
153763,452584 - Ujunwa Aisha,9/26/1989,791.00," $3,955.00 "," $1,779.75 ",1/9/2017,1/11/2017,Shipped,5,Ekpoma
360603,325698 - Rusky Onu,4/21/1999,140.00, $700.00 , $301.00 ,1/9/2017,1/11/2017,Shipped,1,Lekki
180057,985245 - Ebenezer Graham,2/3/2003,955.00," $4,775.00 "," $2,387.50 ",1/7/2017,1/11/2017,Shipped,4,Zaria
331207,152689 - Chidi Martin,8/10/1992,466.00," $2,330.00 ", $978.60 ,1/6/2017,1/11/2017,Shipped,2,Lekki
153673,452584 - Ujunwa Aisha,9/26/1989,561.00," $2,805.00 "," $1,318.35 ",1/7/2017,1/9/2017,Shipped,3,Warri
710714,325698 - Rusky Onu,4/21/1999,496.00," $2,480.00 "," $1,165.60 ",1/7/2017,1/9/2017,Shipped,4,Markurdi
680593,985245 - Ebenezer Graham,2/3/2003,573.00," $2,865.00 "," $1,403.85 ",1/5/2017,1/9/2017,Shipped,5,Markurdi
807289,452584 - Ujunwa Aisha,9/26/1989,907.00," $4,535.00 "," $2,222.15 ",1/6/2017,1/8/2017,Shipped,2,Owerri
417296,325698 - Rusky Onu,4/21/1999,463.00," $2,315.00 ", $949.15 ,1/6/2017,1/8/2017,Shipped,5,Zaria
454717,985245 - Ebenezer Graham,2/3/2003,600.00," $3,000.00 "," $1,350.00 ",1/5/2017,1/8/2017,Shipped,5,Owerri
309379,985245 - Ebenezer Graham,2/3/2003,498.00," $2,490.00 "," $1,195.20 ",1/4/2017,1/8/2017,Shipped,2,Chibok
800525,785432 - Sola Princewill,12/20/2002,164.00, $820.00 , $352.60 ,1/3/2022,6/7/2022,Pending,2,Owerri
311436,985245 - Ebenezer Graham,2/3/2003,107.00, $535.00 , $251.45 ,4/23/2022,5/10/2022,Pending,3,Owerri
XXXXXX,XXXXXX - Promo,10/24/1996,904.00," $4,520.00 "," $1,988.80 ",4/23/2022,6/1/2022,Pending,5,Port Harcourt
617865,452584 - Koko Alalibo,9/26/1979,62.00, $310.00 , $145.70 ,4/20/2022,5/1/2022,Pending,4,Owerri
154036,325698 - Rusky Onu,4/21/1999,765.00," $3,825.00 "," $1,606.50 ",4/22/2022,5/3/2022,Pending,2,Port Harcourt
